2814 4526
551 991 702 1068 ΤΙΤΙ
746 991 812 1066 LI
830 991 899 1067 HI

316 1111 364 1172 AB
387 1113 485 1174 URBE
507 1112 670 1175 CONDITA
691 1115 885 1176 LIBRORUM
905 1114 1128 1177 PERIOCHAE.

632 1235 799 1244 -—....——

570 1297 626 1368 ne
650 1299 769 1350 cinno
795 1299 878 1351 xxi.

254 1378 333 1430 'Initia
356 1381 417 1432 belli
434 1381 522 1432 Punici
544 1384 646 1434 secundi
669 1393 805 1436 narrantur
822 1392 848 1436 et
867 1385 1011 1437 Hannibalis
1029 1385 1098 1435 ducis
1115 1383 1254 1434 Poenorum
1275 1419 1286 1441 ¹,

186 1455 277 1498 contra
301 1447 386 1501 foedus
413 1466 456 1516 per
476 1451 593 1502 Hiberum
611 1456 699 1504 flumen
715 1455 853 1520 transitus3
883 1471 898 1504 a
915 1471 961 1520 quo
979 1454 1117 1518 Saguntum
1136 1457 1253 1504 coenosam

187 1518 272 1583 populi
287 1517 391 1570 Romani
407 1519 499 1570 civitas
518 1521 619 1572 obsessa
639 1529 731 1572 octavo
750 1539 830 1574 mense
848 1529 921 1588 capta
937 1530 985 1573 est.
1011 1523 1041 1572 de
1055 1522 1141 1588 quibus
1155 1521 1254 1572 iniuriis

188 1586 257 1640 missi
274 1587 354 1650 legati
372 1589 403 1638 ad
425 1588 643 1653 Carthaginienses
661 1591 703 1656 qni
720 1598 890 1656 quererentur.
919 1607 972 1640 cnm
990 1589 1137 1641 satisfacere
1150 1590 1253 1654 nollent,

187 1653 280 1705 bellum
298 1656 334 1706 eis
353 1656 472 1708 indictum
484 1664 530 1708 est.
556 1658 680 1710 Hannibal
693 1666 811 1725 superato
824 1659 953 1725 Pyrenaeo
968 1661 1035 1710 saltu
1047 1674 1091 1725 per
1104 1657 1200 1708 Gallias
1213 1657 1225 1708 i
1241 1685 1254 1694 -

187 1722 223 1772 sis
242 1724 337 1788 Volcis,
355 1726 397 1790 qui
414 1726 535 1776 obsistere
556 1728 641 1776 eonati
660 1728 780 1789 orantei,
802 1729 834 1778 ad
846 1727 922 1794 Alpes
941 1727 1018 1791 venit,
1036 1733 1062 1777 et
1074 1726 1199 1776 laborioso
1210 1742 1255 1792 por

187 1806 231 1842 eas
252 1792 375 1856 transitu,
400 1809 455 1844 cum
475 1801 604 1845 montanos
622 1811 717 1860 quoque
736 1795 822 1847 Gallos
841 1796 928 1846 obvios
948 1795 1043 1860 aliquot
1060 1794 1162 1860 proeliis
1180 1811 1254 1862 repu-

186 1860 268 1926 lisset,
287 1862 415 1912 deseendit
432 1863 457 1912 in
470 1862 568 1914 ltaliam
586 1871 612 1914 et
632 1864 663 1914 ad
675 1863 788 1914 Ticinum
806 1868 894 1915 flumen
906 1863 1028 1914 Romanos
1040 1863 1148 1928 equestri
1160 1863 1255 1930 proelio

189 1927 267 1993 ludit3
285 1931 311 1979 in
331 1946 378 1996 quo
395 1932 553 1982 vulneratum
565 1930 592 1983 P.
607 1932 750 1984 Cornelium
762 1932 901 1999 Scipionem
914 1932 1024 1999 protexit
1038 1932 1110 1994 lilius,
1129 1933 1170 1996 qui
1185 1931 1255 1982 Afri-

189 1999 246 2048 cani
263 2005 351 2064 postea
366 2015 454 2052 nomen
465 2001 567 2067 accepit.
596 2002 734 2068 iterumque
746 2003 861 2052 exercitu
872 2002 983 2052 Romano
996 2002 1028 2050 ad
1040 2004 1128 2051 flumen
1139 1999 1256 2052 Trebiam

187 2065 244 2117 iaso
258 2067 382 2118 Hannibal
395 2070 549 2135 Apenninum
567 2085 661 2136 quoque
678 2087 722 2137 per
736 2086 850 2134 magnam
865 2070 1025 2136 perationem
1036 2069 1143 2120 militum
1154 2077 1258 2136 propter

189 2135 240 2184 vim
251 2137 436 2202 tempestatium
452 2138 562 2188 transiit.
589 2139 631 2189 Cn.
646 2139 776 2196 Cornelius
791 2139 874 2206 Scipio
887 2139 911 2190 in
924 2138 1042 2204 Hispania
1060 2145 1147 2188 contra
1162 2137 1257 2188 Poenos

188 2220 306 2270 prospere
328 2207 449 2271 pugnavit
465 2208 526 2258 duce
548 2207 655 2258 bostium
673 2207 779 2274 Magone
797 2215 877 2275 capto.

564 2359 617 2411 EX
641 2361 758 2412 LlBHO
782 2361 882 2414 XXll.

260 2444 383 2498 Hannibal
399 2463 443 2513 per
461 2447 591 2497 continuas
609 2447 709 2510 vigilias
723 2446 749 2496 in
761 2447 888 2512 paludibus
908 2446 979 2497 oculo
991 2445 1081 2496 amima
1095 2446 1120 2494 in
1133 2445 1258 2495 Etruriam

192 2513 275 2577 venit3
294 2531 338 2580 per
356 2533 416 2580 quas
431 2517 535 2581 paludes
552 2516 688 2580 quadriduo
707 2522 732 2566 et
749 2516 830 2566 trihus
849 2516 962 2566 noctibus
980 2515 1033 2564 sine
1046 2514 1100 2564 ulla
1113 2514 1197 2579 requie
1209 2514 1259 2564 iter

190 2579 259 2631 fecit.
291 2584 317 2634 C.
335 2582 471 2634 Flaminius
490 2585 588 2650 consul,
613 2586 684 2634 homo
701 2585 863 2644 temerarius,
888 2591 975 2633 contra
995 2582 1105 2648 auspicia
1123 2581 1257 2648 proiectus,

189 2649 269 2712 signis
287 2651 438 2702 militaribus
460 2653 565 2716 effossis,
584 2669 646 2716 quae
663 2653 720 2702 tolli
734 2668 782 2701 non
800 2659 924 2718 poterant,
943 2659 969 2702 et
982 2652 1013 2701 ab
1026 2667 1096 2716 equo,
1115 2665 1185 2716 quem
1197 2667 1257 2700 oon-

191 2719 336 2784 scenderat,
368 2735 412 2784 per
437 2727 511 2786 eaput
529 2721 675 2782 devolutus,
703 2720 800 2770 insidiis
820 2721 852 2770 ab
869 2719 1006 2770 Hannibale
1025 2719 1208 2770 circumventos
1226 2721 1258 2770 ad

189 2785 405 2854 Thrasymennum
422 2788 503 2838 lacum
521 2804 575 2838 eum
588 2789 702 2839 exercitu
714 2803 800 2839 caesus
813 2796 860 2841 est.
886 2804 932 2838 sex
945 2787 1022 2851 milia,
1042 2803 1104 2852 quae
1117 2795 1258 2853 eruperant,

192 2855 240 2906 lide
259 2858 290 2906 nh
303 2857 439 2908 Atherbale
461 2859 520 2907 data
538 2857 643 2923 perfidia
660 2856 805 2907 Hannibalis
823 2857 910 2907 vineta
927 2863 992 2907 sunt.
1023 2871 1077 2906 cum
1095 2857 1127 2905 ad
1148 2857 1258 2907 nuntium

192 2925 272 2975 cladis
286 2925 377 2976 Romae
395 2926 476 2976 luctus
490 2932 565 2991 esset,
584 2927 626 2990 [et]
641 2926 704 2976 dnae
717 2932 808 2976 matres
820 2941 853 2977 ex
865 2927 991 2992 insperato
1005 2923 1110 2991 receptis
1123 2924 1180 2974 filiis
1195 2940 1257 2988 gau-

193 2993 234 3043 dio
246 3002 360 3045 mortuae
372 3002 437 3047 sunt.
462 2994 492 3044 oh
510 2997 573 3044 hanc
591 2995 686 3045 cladem
703 3010 735 3045 ex
747 2994 880 3061 Sibyllinis
897 2995 968 3045 libris
987 3009 1033 3044 ver
1049 3009 1145 3044 sacrum
1166 3000 1258 3044 votam.

193 3079 247 3113 cum
274 3064 362 3115 deinde
388 3064 416 3130 Q.
440 3063 533 3114 Fabius
556 3063 680 3114 Maximus
706 3064 816 3114 dictator
839 3065 959 3114 adversus
984 3061 1147 3112 Hannibalem
1169 3061 1258 3112 missus

194 3131 273 3182 nollet
291 3133 345 3184 acie
363 3149 417 3183 cum
436 3149 465 3184 eo
478 3133 618 3199 confligere,
637 3148 667 3184 ue
679 3139 767 3182 contra
778 3131 886 3183 ferocem
899 3139 939 3181 tet
951 3131 1065 3181 victoriis
1080 3133 1176 3182 hostem
1188 3135 1259 3182 teari·

191 3212 229 3252 toa
250 3202 362 3252 adversis
379 3203 482 3267 proeliis
502 3202 595 3252 milites
615 3217 711 3267 pugnae
728 3201 903 3266 committeret,
921 3207 947 3250 et
966 3201 1108 3266 opponendo
1122 3215 1149 3249 se
1162 3205 1259 3249 tantum

194 3277 297 3320 conatus
311 3270 456 3321 Hannibalis
475 3271 611 3337 impediret,
630 3271 662 3320 Μ,
677 3270 801 3320 Minucius
815 3270 936 3334 magister
957 3269 1073 3334 equitum,
1092 3267 1164 3318 ferox
1178 3274 1204 3317 et
1218 3275 1259 3318 te-

193 3339 328 3401 merarius,
347 3339 498 3389 criminando
517 3339 665 3389 dictatorem
683 3345 807 3404 tamqnam
823 3353 924 3402 segnem
941 3343 966 3388 et
986 3337 1098 3387 timidum
1115 3336 1213 3400 effecit,
1231 3342 1260 3386 ut

192 3408 277 3474 populi
299 3408 367 3464 iussu
390 3414 542 3474 aequaretur
567 3408 590 3458 ei
617 3423 671 3458 oum
689 3407 813 3457 dictatore
831 3407 973 3472 imperium
1000 3405 1129 3470 divisoque
1147 3404 1260 3454 exercitu

193 3493 249 3527 cum
266 3477 350 3543 iniquo
367 3476 422 3526 loco
440 3476 595 3527 conflixisset
611 3483 638 3528 et
654 3477 680 3526 in
697 3475 805 3526 maximo
819 3475 960 3525 discrimine
974 3473 1085 3538 legiones
1097 3472 1150 3522 eius
1168 3479 1259 3538 essent,

193 3546 385 3612 superveniente
404 3561 457 3595 rum
475 3545 588 3596 exercitu
606 3543 684 3594 Fabio
703 3539 818 3594 Maximo
831 3543 971 3594 discrimine
989 3543 1110 3592 liberatus
1130 3547 1176 3591 est.
1212 3556 1260 3605 qno

194 3615 313 3666 beneficio
332 3614 414 3664 victos
432 3620 517 3664 castra
535 3630 589 3664 cum
607 3627 637 3662 eo
657 3613 775 3664 iunxitet
787 3618 883 3678 patrem
894 3628 950 3662 eum
962 3610 1084 3662 salutavit
1099 3608 1232 3674 idemques
1247 3637 1260 3645 -

192 3699 250 3734 cere
268 3683 361 3734 milites
378 3682 459 3734 iussit.
486 3681 618 3743 Hannibal,
637 3689 738 3732 vastata
757 3681 890 3746 Campania
908 3681 974 3730 inter
992 3678 1126 3728 Casilinum
1147 3677 1261 3743 oppidum

195 3760 222 3803 et
237 3753 383 3804 Calliculam
402 3758 510 3802 montem
527 3749 630 3801 aFabio
649 3751 739 3816 elusus,
757 3749 888 3800 sarmentis
907 3750 938 3798 ad
955 3763 1048 3798 cornua
1066 3747 1137 3796 boum
1150 3746 1263 3824 nHigqtis

193 3827 221 3871 et
239 3821 344 3872 incensis
362 3819 512 3888 praesidium
530 3821 702 3885 Romanorum,
720 3820 784 3886 quod
802 3817 947 3868 Calliculam
969 3815 1100 3882 insidebat,
1118 3815 1218 3880 fugavit
1237 3821 1264 3864 et
