<?xml version="1.0" encoding="UTF-8"?>
<!DOCTYPE html PUBLIC "-//W3C//DTD XHTML 1.0 Transitional//EN"
    "http://www.w3.org/TR/xhtml1/DTD/xhtml1-transitional.dtd">
<html xmlns="http://www.w3.org/1999/xhtml" xml:lang="en" lang="en">
 <head>
  <title>
</title>
<meta http-equiv="Content-Type" content="text/html;charset=utf-8" />
  <meta name='ocr-system' content='tesseract 3.04.00' />
  <meta name='ocr-capabilities' content='ocr_page ocr_carea ocr_par ocr_line ocrx_word'/>
</head>
<body>
  <div class='ocr_page' id='page_1' title='image "./aburbeconditali00rossgoog_0379.png"; bbox 0 0 2814 4526; ppageno 0'>
   <div class='ocr_carea' id='block_1_1' title="bbox 177 262 1301 348">
    <p class='ocr_par' dir='ltr' id='par_1_1' title="bbox 177 262 1301 348">
     <span class='ocr_line' id='line_1_1' title="bbox 177 262 1301 348; baseline -0.018 -8"><span class='ocrx_word' id='word_1_1' title='bbox 177 262 181 275; x_wconf 91' lang='lat'>&#39;</span> <span class='ocrx_word' id='word_1_2' title='bbox 225 279 289 348; x_wconf 75' lang='lat'><strong>372</strong></span> <span class='ocrx_word' id='word_1_3' title='bbox 562 277 656 330; x_wconf 79' lang='lat' dir='ltr'><strong>nmen</strong></span> <span class='ocrx_word' id='word_1_4' title='bbox 667 278 762 332; x_wconf 82' lang='lat' dir='ltr'><strong>xxm.</strong></span> <span class='ocrx_word' id='word_1_5' title='bbox 781 279 851 332; x_wconf 80' lang='lat' dir='ltr'><strong>car.</strong></span> <span class='ocrx_word' id='word_1_6' title='bbox 864 284 905 336; x_wconf 78' lang='lat' dir='ltr'><strong>rc.</strong></span> <span class='ocrx_word' id='word_1_7' title='bbox 915 284 956 336; x_wconf 86' lang='lat'><strong>41.</strong></span> <span class='ocrx_word' id='word_1_8' title='bbox 1175 277 1301 322; x_wconf 67' lang='lat' dir='ltr'><strong>..aaa</strong></span> 
     </span>
    </p>
   </div>
   <div class='ocr_carea' id='block_1_2' title="bbox 197 433 1298 685">
    <p class='ocr_par' dir='ltr' id='par_1_2' title="bbox 197 433 1298 685">
     <span class='ocr_line' id='line_1_2' title="bbox 197 433 1296 516; baseline -0.005 -14"><span class='ocrx_word' id='word_1_9' title='bbox 197 449 212 502; x_wconf 80' lang='lat'>8</span> <span class='ocrx_word' id='word_1_10' title='bbox 226 433 399 509; x_wconf 91' lang='lat' dir='ltr'><strong>Hasdrubal,</strong></span> <span class='ocrx_word' id='word_1_11' title='bbox 423 435 513 515; x_wconf 90' lang='lat' dir='ltr'><strong>copiis</strong></span> <span class='ocrx_word' id='word_1_12' title='bbox 527 433 558 496; x_wconf 93' lang='lat' dir='ltr'><strong>in</strong></span> <span class='ocrx_word' id='word_1_13' title='bbox 575 443 683 498; x_wconf 89' lang='lat' dir='ltr'><strong>terram</strong></span> <span class='ocrx_word' id='word_1_14' title='bbox 698 437 837 516; x_wconf 85' lang='lat' dir='ltr'><strong>expositis</strong></span> <span class='ocrx_word' id='word_1_15' title='bbox 853 445 882 516; x_wconf 82' lang='lat' dir='ltr'><strong>et</strong></span> <span class='ocrx_word' id='word_1_16' title='bbox 897 436 987 498; x_wconf 87' lang='lat' dir='ltr'><strong>classe</strong></span> <span class='ocrx_word' id='word_1_17' title='bbox 1002 436 1124 498; x_wconf 86' lang='lat' dir='ltr'><strong>remissa</strong></span> <span class='ocrx_word' id='word_1_18' title='bbox 1139 435 1296 516; x_wconf 81' lang='lat' dir='ltr'><strong>Cartbagi-</strong></span> 
     </span>
     <span class='ocr_line' id='line_1_3' title="bbox 229 520 1298 601; baseline 0 -19"><span class='ocrx_word' id='word_1_19' title='bbox 229 539 308 594; x_wconf 91' lang='lat' dir='ltr'><strong>nem‚</strong></span> <span class='ocrx_word' id='word_1_20' title='bbox 327 522 401 582; x_wconf 90' lang='lat' dir='ltr'><strong>duce</strong></span> <span class='ocrx_word' id='word_1_21' title='bbox 409 520 600 601; x_wconf 89' lang='lat' dir='ltr'><strong>Hampsicora</strong></span> <span class='ocrx_word' id='word_1_22' title='bbox 615 523 651 583; x_wconf 92' lang='lat' dir='ltr'><strong>ad</strong></span> <span class='ocrx_word' id='word_1_23' title='bbox 666 523 815 584; x_wconf 87' lang='lat' dir='ltr'><strong>sociorum</strong></span> <span class='ocrx_word' id='word_1_24' title='bbox 829 522 932 601; x_wconf 91' lang='lat' dir='ltr'><strong>populi</strong></span> <span class='ocrx_word' id='word_1_25' title='bbox 939 521 1177 600; x_wconf 88' lang='lat' dir='ltr'><strong>Romaniagrum</strong></span> <span class='ocrx_word' id='word_1_26' title='bbox 1191 540 1298 601; x_wconf 86' lang='lat' dir='ltr'><strong>popu—</strong></span> 
     </span>
     <span class='ocr_line' id='line_1_4' title="bbox 226 606 1297 685; baseline -0.001 -18"><span class='ocrx_word' id='word_1_27' title='bbox 226 607 347 668; x_wconf 89' lang='lat' dir='ltr'><strong>landum</strong></span> <span class='ocrx_word' id='word_1_28' title='bbox 361 609 511 685; x_wconf 82' lang='lat' dir='ltr'><strong>proiectus</strong></span> <span class='ocrx_word' id='word_1_29' title='bbox 527 608 632 670; x_wconf 84' lang='lat' dir='ltr'><strong>Caralis</strong></span> <span class='ocrx_word' id='word_1_30' title='bbox 648 615 843 685; x_wconf 86' lang='lat' dir='ltr'><strong>perventurus</strong></span> <span class='ocrx_word' id='word_1_31' title='bbox 860 613 930 680; x_wconf 77' lang='lat' dir='ltr'><strong>erat,</strong></span> <span class='ocrx_word' id='word_1_32' title='bbox 947 608 979 666; x_wconf 90' lang='lat' dir='ltr'><strong>ni</strong></span> <span class='ocrx_word' id='word_1_33' title='bbox 993 607 1118 668; x_wconf 85' lang='lat' dir='ltr'><strong>Manlius</strong></span> <span class='ocrx_word' id='word_1_34' title='bbox 1135 606 1222 668; x_wconf 84' lang='lat' dir='ltr'><strong>obvio</strong></span> <span class='ocrx_word' id='word_1_35' title='bbox 1237 625 1297 668; x_wconf 83' lang='lat' dir='ltr'><strong>ex·</strong></span> 
     </span>
    </p>
   </div>
   <div class='ocr_carea' id='block_1_3' title="bbox 196 691 1400 774">
    <p class='ocr_par' dir='ltr' id='par_1_3' title="bbox 196 691 1400 774">
     <span class='ocr_line' id='line_1_5' title="bbox 196 691 1400 774; baseline 0 -21"><span class='ocrx_word' id='word_1_36' title='bbox 196 693 319 754; x_wconf 80' lang='lat' dir='ltr'><strong>tercitu</strong></span> <span class='ocrx_word' id='word_1_37' title='bbox 332 691 368 754; x_wconf 90' lang='lat' dir='ltr'><strong>ab</strong></span> <span class='ocrx_word' id='word_1_38' title='bbox 384 693 476 754; x_wconf 83' lang='lat' dir='ltr'><strong>effusa</strong></span> <span class='ocrx_word' id='word_1_39' title='bbox 491 711 559 754; x_wconf 90' lang='lat' dir='ltr'><strong>eum</strong></span> <span class='ocrx_word' id='word_1_40' title='bbox 576 691 765 770; x_wconf 75' lang='lat' dir='ltr'>populatione</span> <span class='ocrx_word' id='word_1_41' title='bbox 779 692 980 752; x_wconf 80' lang='lat' dir='ltr'><strong>continuisset.</strong></span> <span class='ocrx_word' id='word_1_42' title='bbox 1013 692 1110 770; x_wconf 90' lang='lat' dir='ltr'><strong>primo</strong></span> <span class='ocrx_word' id='word_1_43' title='bbox 1129 700 1222 753; x_wconf 88' lang='lat' dir='ltr'><strong>castra</strong></span> <span class='ocrx_word' id='word_1_44' title='bbox 1240 709 1293 753; x_wconf 90' lang='lat' dir='ltr'><strong>ca-</strong></span> <span class='ocrx_word' id='word_1_45' title='bbox 1399 751 1400 774; x_wconf 59' lang='lat'>,</span> 
     </span>
    </p>
   </div>
   <div class='ocr_carea' id='block_1_4' title="bbox 166 775 1299 2558">
    <p class='ocr_par' dir='ltr' id='par_1_4' title="bbox 166 775 1297 1707">
     <span class='ocr_line' id='line_1_6' title="bbox 226 775 1293 855; baseline 0 -17"><span class='ocrx_word' id='word_1_46' title='bbox 226 777 294 840; x_wconf 90' lang='lat' dir='ltr'><strong>stris</strong></span> <span class='ocrx_word' id='word_1_47' title='bbox 313 778 429 838; x_wconf 91' lang='lat' dir='ltr'><strong>modico</strong></span> <span class='ocrx_word' id='word_1_48' title='bbox 445 776 595 838; x_wconf 88' lang='lat' dir='ltr'><strong>intervallo</strong></span> <span class='ocrx_word' id='word_1_49' title='bbox 613 785 680 837; x_wconf 90' lang='lat' dir='ltr'><strong>sunt</strong></span> <span class='ocrx_word' id='word_1_50' title='bbox 693 775 821 850; x_wconf 84' lang='lat' dir='ltr'><strong>obiecta3</strong></span> <span class='ocrx_word' id='word_1_51' title='bbox 843 777 911 838; x_wconf 91' lang='lat' dir='ltr'><strong>dein</strong></span> <span class='ocrx_word' id='word_1_52' title='bbox 925 795 979 855; x_wconf 93' lang='lat' dir='ltr'><strong>per</strong></span> <span class='ocrx_word' id='word_1_53' title='bbox 994 777 1232 855; x_wconf 77' lang='lat' dir='ltr'><strong>procursationes</strong></span> <span class='ocrx_word' id='word_1_54' title='bbox 1245 777 1293 838; x_wconf 85' lang='lat' dir='ltr'><strong>le-</strong></span> 
     </span>
     <span class='ocr_line' id='line_1_7' title="bbox 226 861 1297 942; baseline -0.002 -18"><span class='ocrx_word' id='word_1_55' title='bbox 226 864 272 924; x_wconf 89' lang='lat' dir='ltr'><strong>via</strong></span> <span class='ocrx_word' id='word_1_56' title='bbox 287 863 443 924; x_wconf 89' lang='lat' dir='ltr'><strong>certamina</strong></span> <span class='ocrx_word' id='word_1_57' title='bbox 457 862 537 922; x_wconf 86' lang='lat' dir='ltr'><strong>vario</strong></span> <span class='ocrx_word' id='word_1_58' title='bbox 554 869 661 922; x_wconf 82' lang='lat' dir='ltr'><strong>eventu</strong></span> <span class='ocrx_word' id='word_1_59' title='bbox 676 862 762 934; x_wconf 85' lang='lat' dir='ltr'><strong>inita3</strong></span> <span class='ocrx_word' id='word_1_60' title='bbox 784 870 934 942; x_wconf 91' lang='lat' dir='ltr'><strong>postremo</strong></span> <span class='ocrx_word' id='word_1_61' title='bbox 953 861 1129 923; x_wconf 76' lang='lat' dir='ltr'>descensum</span> <span class='ocrx_word' id='word_1_62' title='bbox 1143 863 1173 922; x_wconf 94' lang='lat' dir='ltr'><strong>in</strong></span> <span class='ocrx_word' id='word_1_63' title='bbox 1188 863 1297 922; x_wconf 70' lang='lat' dir='ltr'><strong>aciem.</strong></span> 
     </span>
     <span class='ocr_line' id='line_1_8' title="bbox 181 947 1295 1028; baseline -0.007 -14"><span class='ocrx_word' id='word_1_64' title='bbox 181 963 212 1014; x_wconf 84' lang='lat'><strong>10</strong></span> <span class='ocrx_word' id='word_1_65' title='bbox 227 949 320 1028; x_wconf 88' lang='lat' dir='ltr'><strong>signis</strong></span> <span class='ocrx_word' id='word_1_66' title='bbox 335 947 457 1008; x_wconf 87' lang='lat' dir='ltr'><strong>conlatis</strong></span> <span class='ocrx_word' id='word_1_67' title='bbox 479 949 556 1008; x_wconf 88' lang='lat' dir='ltr'><strong>iusto</strong></span> <span class='ocrx_word' id='word_1_68' title='bbox 578 947 690 1024; x_wconf 92' lang='lat' dir='ltr'><strong>proelio</strong></span> <span class='ocrx_word' id='word_1_69' title='bbox 704 965 758 1025; x_wconf 86' lang='lat' dir='ltr'><strong>per</strong></span> <span class='ocrx_word' id='word_1_70' title='bbox 775 955 911 1025; x_wconf 90' lang='lat' dir='ltr'><strong>quattuor</strong></span> <span class='ocrx_word' id='word_1_71' title='bbox 927 947 1014 1008; x_wconf 90' lang='lat' dir='ltr'><strong>boras</strong></span> <span class='ocrx_word' id='word_1_72' title='bbox 1029 959 1203 1027; x_wconf 89' lang='lat' dir='ltr'><strong>pugnatum.</strong></span> <span class='ocrx_word' id='word_1_73' title='bbox 1236 947 1295 1008; x_wconf 88' lang='lat' dir='ltr'><strong>din</strong></span> 
     </span>
     <span class='ocr_line' id='line_1_9' title="bbox 225 1031 1292 1114; baseline -0.002 -20"><span class='ocrx_word' id='word_1_74' title='bbox 225 1051 355 1114; x_wconf 88' lang='lat' dir='ltr'><strong>pugnam</strong></span> <span class='ocrx_word' id='word_1_75' title='bbox 380 1032 534 1113; x_wconf 80' lang='lat' dir='ltr'>ancipitem</span> <span class='ocrx_word' id='word_1_76' title='bbox 556 1031 648 1092; x_wconf 85' lang='lat' dir='ltr'>Poeni</span> <span class='ocrx_word' id='word_1_77' title='bbox 670 1032 768 1093; x_wconf 88' lang='lat' dir='ltr'><strong>Sardis</strong></span> <span class='ocrx_word' id='word_1_78' title='bbox 796 1033 878 1092; x_wconf 84' lang='lat' dir='ltr'><strong>lacile</strong></span> <span class='ocrx_word' id='word_1_79' title='bbox 900 1033 976 1094; x_wconf 87' lang='lat' dir='ltr'><strong>vinci</strong></span> <span class='ocrx_word' id='word_1_80' title='bbox 996 1032 1124 1094; x_wconf 84' lang='lat' dir='ltr'><strong>adsuetis</strong></span> <span class='ocrx_word' id='word_1_81' title='bbox 1146 1035 1292 1105; x_wconf 86' lang='lat' dir='ltr'><strong>fecerunt,</strong></span> 
     </span>
     <span class='ocr_line' id='line_1_10' title="bbox 225 1117 1295 1199; baseline 0 -21"><span class='ocrx_word' id='word_1_82' title='bbox 225 1127 374 1199; x_wconf 89' lang='lat' dir='ltr'><strong>postremo</strong></span> <span class='ocrx_word' id='word_1_83' title='bbox 393 1126 421 1179; x_wconf 92' lang='lat' dir='ltr'><strong>et</strong></span> <span class='ocrx_word' id='word_1_84' title='bbox 433 1117 507 1196; x_wconf 91' lang='lat' dir='ltr'><strong>ipsi,</strong></span> <span class='ocrx_word' id='word_1_85' title='bbox 529 1134 598 1177; x_wconf 88' lang='lat' dir='ltr'><strong>cum</strong></span> <span class='ocrx_word' id='word_1_86' title='bbox 616 1117 714 1178; x_wconf 88' lang='lat' dir='ltr'><strong>omnia</strong></span> <span class='ocrx_word' id='word_1_87' title='bbox 731 1117 807 1178; x_wconf 89' lang='lat' dir='ltr'><strong>circa</strong></span> <span class='ocrx_word' id='word_1_88' title='bbox 821 1125 915 1196; x_wconf 79' lang='lat' dir='ltr'><strong>strage</strong></span> <span class='ocrx_word' id='word_1_89' title='bbox 931 1136 965 1178; x_wconf 91' lang='lat' dir='ltr'><strong>ac</strong></span> <span class='ocrx_word' id='word_1_90' title='bbox 980 1119 1049 1196; x_wconf 84' lang='lat' dir='ltr'><strong>luga</strong></span> <span class='ocrx_word' id='word_1_91' title='bbox 1063 1117 1226 1180; x_wconf 79' lang='lat' dir='ltr'><strong>Sardorum</strong></span> <span class='ocrx_word' id='word_1_92' title='bbox 1238 1136 1295 1178; x_wconf 88' lang='lat' dir='ltr'><strong>re-</strong></span> 
     </span>
     <span class='ocr_line' id='line_1_11' title="bbox 181 1202 1297 1284; baseline -0.003 -17"><span class='ocrx_word' id='word_1_93' title='bbox 181 1216 210 1267; x_wconf 92' lang='lat'><strong>11</strong></span> <span class='ocrx_word' id='word_1_94' title='bbox 225 1203 300 1284; x_wconf 88' lang='lat' dir='ltr'><strong>pleta</strong></span> <span class='ocrx_word' id='word_1_95' title='bbox 316 1213 421 1275; x_wconf 88' lang='lat' dir='ltr'><strong>essent,</strong></span> <span class='ocrx_word' id='word_1_96' title='bbox 436 1203 512 1275; x_wconf 83' lang='lat' dir='ltr'><strong>fusi3</strong></span> <span class='ocrx_word' id='word_1_97' title='bbox 532 1210 663 1262; x_wconf 89' lang='lat' dir='ltr'><strong>ceterum</strong></span> <span class='ocrx_word' id='word_1_98' title='bbox 676 1212 755 1281; x_wconf 90' lang='lat' dir='ltr'><strong>terga</strong></span> <span class='ocrx_word' id='word_1_99' title='bbox 769 1202 869 1264; x_wconf 89' lang='lat' dir='ltr'><strong>dantes</strong></span> <span class='ocrx_word' id='word_1_100' title='bbox 884 1202 1085 1264; x_wconf 88' lang='lat' dir='ltr'><strong>circumducto</strong></span> <span class='ocrx_word' id='word_1_101' title='bbox 1106 1221 1210 1278; x_wconf 89' lang='lat' dir='ltr'><strong>cornu,</strong></span> <span class='ocrx_word' id='word_1_102' title='bbox 1228 1219 1297 1280; x_wconf 86' lang='lat' dir='ltr'><strong>quo</strong></span> 
     </span>
     <span class='ocr_line' id='line_1_12' title="bbox 225 1287 1294 1370; baseline -0.002 -21"><span class='ocrx_word' id='word_1_103' title='bbox 225 1289 376 1370; x_wconf 81' lang='lat' dir='ltr'><strong>pepulerat</strong></span> <span class='ocrx_word' id='word_1_104' title='bbox 395 1287 512 1359; x_wconf 83' lang='lat' dir='ltr'><strong>Sardos,</strong></span> <span class='ocrx_word' id='word_1_105' title='bbox 533 1287 651 1348; x_wconf 80' lang='lat' dir='ltr'><strong>inclusit</strong></span> <span class='ocrx_word' id='word_1_106' title='bbox 671 1289 831 1349; x_wconf 87' lang='lat' dir='ltr'><strong>Romanus.</strong></span> <span class='ocrx_word' id='word_1_107' title='bbox 875 1287 978 1348; x_wconf 90' lang='lat' dir='ltr'><strong>caedes</strong></span> <span class='ocrx_word' id='word_1_108' title='bbox 995 1288 1063 1348; x_wconf 93' lang='lat' dir='ltr'><strong>inde</strong></span> <span class='ocrx_word' id='word_1_109' title='bbox 1085 1289 1176 1367; x_wconf 90' lang='lat' dir='ltr'><strong>magis</strong></span> <span class='ocrx_word' id='word_1_110' title='bbox 1199 1305 1294 1366; x_wconf 88' lang='lat' dir='ltr'><strong>quam</strong></span> 
     </span>
     <span class='ocr_line' id='line_1_13' title="bbox 181 1371 1295 1454; baseline -0.002 -20"><span class='ocrx_word' id='word_1_111' title='bbox 181 1399 211 1450; x_wconf 83' lang='lat'><strong>12</strong></span> <span class='ocrx_word' id='word_1_112' title='bbox 225 1391 323 1454; x_wconf 88' lang='lat' dir='ltr'><strong>pugna</strong></span> <span class='ocrx_word' id='word_1_113' title='bbox 339 1373 402 1434; x_wconf 84' lang='lat' dir='ltr'><strong>fuit.</strong></span> <span class='ocrx_word' id='word_1_114' title='bbox 430 1372 585 1432; x_wconf 89' lang='lat' dir='ltr'><strong>duodecim</strong></span> <span class='ocrx_word' id='word_1_115' title='bbox 600 1371 678 1434; x_wconf 90' lang='lat' dir='ltr'><strong>milia</strong></span> <span class='ocrx_word' id='word_1_116' title='bbox 693 1372 823 1434; x_wconf 87' lang='lat' dir='ltr'><strong>bostium</strong></span> <span class='ocrx_word' id='word_1_117' title='bbox 836 1390 918 1433; x_wconf 89' lang='lat' dir='ltr'><strong>caesa</strong></span> <span class='ocrx_word' id='word_1_118' title='bbox 933 1373 1096 1434; x_wconf 86' lang='lat' dir='ltr'><strong>Sardorum</strong></span> <span class='ocrx_word' id='word_1_119' title='bbox 1110 1372 1198 1434; x_wconf 86' lang='lat' dir='ltr'><strong>simul</strong></span> <span class='ocrx_word' id='word_1_120' title='bbox 1209 1372 1295 1433; x_wconf 88' lang='lat' dir='ltr'><strong>Poe—</strong></span> 
     </span>
     <span class='ocr_line' id='line_1_14' title="bbox 225 1457 1296 1537; baseline 0.001 -19"><span class='ocrx_word' id='word_1_121' title='bbox 225 1475 403 1536; x_wconf 90' lang='lat' dir='ltr'><strong>norumque,</strong></span> <span class='ocrx_word' id='word_1_122' title='bbox 427 1459 521 1518; x_wconf 81' lang='lat' dir='ltr'><strong>ferme</strong></span> <span class='ocrx_word' id='word_1_123' title='bbox 535 1457 590 1518; x_wconf 90' lang='lat' dir='ltr'><strong>tria</strong></span> <span class='ocrx_word' id='word_1_124' title='bbox 603 1457 680 1518; x_wconf 88' lang='lat' dir='ltr'><strong>milia</strong></span> <span class='ocrx_word' id='word_1_125' title='bbox 696 1465 724 1520; x_wconf 90' lang='lat' dir='ltr'><strong>et</strong></span> <span class='ocrx_word' id='word_1_126' title='bbox 737 1458 911 1537; x_wconf 85' lang='lat' dir='ltr'><strong>septingenti</strong></span> <span class='ocrx_word' id='word_1_127' title='bbox 923 1459 998 1536; x_wconf 86' lang='lat' dir='ltr'><strong>capti</strong></span> <span class='ocrx_word' id='word_1_128' title='bbox 1013 1465 1042 1518; x_wconf 94' lang='lat' dir='ltr'><strong>et</strong></span> <span class='ocrx_word' id='word_1_129' title='bbox 1055 1459 1136 1537; x_wconf 91' lang='lat' dir='ltr'><strong>signa</strong></span> <span class='ocrx_word' id='word_1_130' title='bbox 1154 1458 1296 1519; x_wconf 82' lang='lat' dir='ltr'><strong>militaria</strong></span> 
     </span>
     <span class='ocr_line' id='line_1_15' title="bbox 166 1542 1297 1626; baseline 0.001 -23"><span class='ocrx_word' id='word_1_131' title='bbox 166 1563 210 1626; x_wconf 83' lang='lat'><strong>41</strong></span> <span class='ocrx_word' id='word_1_132' title='bbox 229 1550 342 1621; x_wconf 86' lang='lat' dir='ltr'><strong>septem</strong></span> <span class='ocrx_word' id='word_1_133' title='bbox 361 1550 389 1603; x_wconf 92' lang='lat' dir='ltr'><strong>et</strong></span> <span class='ocrx_word' id='word_1_134' title='bbox 410 1542 520 1621; x_wconf 88' lang='lat' dir='ltr'><strong>viginti.</strong></span> <span class='ocrx_word' id='word_1_135' title='bbox 554 1543 629 1603; x_wconf 83' lang='lat' dir='ltr'><strong>Ante</strong></span> <span class='ocrx_word' id='word_1_136' title='bbox 645 1542 743 1602; x_wconf 91' lang='lat' dir='ltr'><strong>omnia</strong></span> <span class='ocrx_word' id='word_1_137' title='bbox 759 1543 865 1606; x_wconf 74' lang='lat' dir='ltr'><strong>duam</strong></span> <span class='ocrx_word' id='word_1_138' title='bbox 881 1551 910 1604; x_wconf 92' lang='lat' dir='ltr'><strong>et</strong></span> <span class='ocrx_word' id='word_1_139' title='bbox 923 1543 1142 1604; x_wconf 83' lang='lat' dir='ltr'><strong>memorabilem</strong></span> <span class='ocrx_word' id='word_1_140' title='bbox 1158 1561 1297 1622; x_wconf 85' lang='lat' dir='ltr'><strong>pugnarn</strong></span> 
     </span>
     <span class='ocr_line' id='line_1_16' title="bbox 225 1625 1293 1707; baseline 0.002 -19"><span class='ocrx_word' id='word_1_141' title='bbox 225 1628 293 1689; x_wconf 85' lang='lat' dir='ltr'><strong>feeit</strong></span> <span class='ocrx_word' id='word_1_142' title='bbox 307 1625 471 1689; x_wconf 85' lang='lat' dir='ltr'><strong>Hasdrubal</strong></span> <span class='ocrx_word' id='word_1_143' title='bbox 490 1628 648 1706; x_wconf 87' lang='lat' dir='ltr'><strong>imperator</strong></span> <span class='ocrx_word' id='word_1_144' title='bbox 667 1635 768 1706; x_wconf 86' lang='lat' dir='ltr'><strong>raptus</strong></span> <span class='ocrx_word' id='word_1_145' title='bbox 782 1636 810 1689; x_wconf 92' lang='lat' dir='ltr'><strong>et</strong></span> <span class='ocrx_word' id='word_1_146' title='bbox 824 1629 931 1689; x_wconf 90' lang='lat' dir='ltr'><strong>Hanno</strong></span> <span class='ocrx_word' id='word_1_147' title='bbox 947 1636 975 1689; x_wconf 92' lang='lat' dir='ltr'><strong>et</strong></span> <span class='ocrx_word' id='word_1_148' title='bbox 989 1629 1072 1707; x_wconf 86' lang='lat' dir='ltr'><strong>Mago</strong></span> <span class='ocrx_word' id='word_1_149' title='bbox 1089 1628 1200 1689; x_wconf 91' lang='lat' dir='ltr'><strong>nobiles</strong></span> <span class='ocrx_word' id='word_1_150' title='bbox 1216 1628 1293 1690; x_wconf 85' lang='lat' dir='ltr'><strong>Car-</strong></span> 
     </span>
    </p>

    <p class='ocr_par' dir='ltr' id='par_1_5' title="bbox 196 1712 1297 1876">
     <span class='ocr_line' id='line_1_17' title="bbox 196 1712 1297 1792; baseline 0 -18"><span class='ocrx_word' id='word_1_151' title='bbox 196 1729 210 1780; x_wconf 81' lang='lat'>2</span> <span class='ocrx_word' id='word_1_152' title='bbox 224 1712 429 1792; x_wconf 88' lang='lat' dir='ltr'><strong>thaginienses,</strong></span> <span class='ocrx_word' id='word_1_153' title='bbox 443 1713 527 1791; x_wconf 87' lang='lat' dir='ltr'><strong>blago</strong></span> <span class='ocrx_word' id='word_1_154' title='bbox 543 1729 579 1772; x_wconf 82' lang='lat' dir='ltr'><strong>ex</strong></span> <span class='ocrx_word' id='word_1_155' title='bbox 598 1719 682 1791; x_wconf 88' lang='lat' dir='ltr'><strong>gente</strong></span> <span class='ocrx_word' id='word_1_156' title='bbox 696 1712 826 1786; x_wconf 88' lang='lat' dir='ltr'><strong>Barcina,</strong></span> <span class='ocrx_word' id='word_1_157' title='bbox 842 1714 1010 1792; x_wconf 88' lang='lat' dir='ltr'><strong>propinqua</strong></span> <span class='ocrx_word' id='word_1_158' title='bbox 1023 1713 1194 1792; x_wconf 81' lang='lat' dir='ltr'><strong>cognatione</strong></span> <span class='ocrx_word' id='word_1_159' title='bbox 1204 1713 1297 1774; x_wconf 75' lang='lat' dir='ltr'><strong>flan-</strong></span> 
     </span>
     <span class='ocr_line' id='line_1_18' title="bbox 223 1797 1292 1876; baseline -0.002 -17"><span class='ocrx_word' id='word_1_160' title='bbox 223 1797 313 1859; x_wconf 90' lang='lat' dir='ltr'><strong>nibali</strong></span> <span class='ocrx_word' id='word_1_161' title='bbox 326 1798 453 1870; x_wconf 86' lang='lat' dir='ltr'><strong>iunctus,</strong></span> <span class='ocrx_word' id='word_1_162' title='bbox 468 1797 575 1858; x_wconf 89' lang='lat' dir='ltr'><strong>Hanno</strong></span> <span class='ocrx_word' id='word_1_163' title='bbox 591 1806 693 1858; x_wconf 85' lang='lat' dir='ltr'><strong>auctor</strong></span> <span class='ocrx_word' id='word_1_164' title='bbox 706 1797 874 1858; x_wconf 87' lang='lat' dir='ltr'><strong>rebellionis</strong></span> <span class='ocrx_word' id='word_1_165' title='bbox 882 1797 981 1859; x_wconf 88' lang='lat' dir='ltr'><strong>Sardis</strong></span> <span class='ocrx_word' id='word_1_166' title='bbox 997 1798 1122 1876; x_wconf 90' lang='lat' dir='ltr'><strong>bellique</strong></span> <span class='ocrx_word' id='word_1_167' title='bbox 1138 1797 1292 1862; x_wconf 90' lang='lat' dir='ltr'><strong>eiusbaud</strong></span> 
     </span>
    </p>

    <p class='ocr_par' dir='ltr' id='par_1_6' title="bbox 195 1881 1297 2047">
     <span class='ocr_line' id='line_1_19' title="bbox 195 1881 1297 1962; baseline 0.001 -18"><span class='ocrx_word' id='word_1_168' title='bbox 195 1895 210 1944; x_wconf 83' lang='lat'><strong>3</strong></span> <span class='ocrx_word' id='word_1_169' title='bbox 225 1883 313 1945; x_wconf 89' lang='lat' dir='ltr'><strong>dubie</strong></span> <span class='ocrx_word' id='word_1_170' title='bbox 329 1883 470 1944; x_wconf 87' lang='lat' dir='ltr'><strong>conciter.</strong></span> <span class='ocrx_word' id='word_1_171' title='bbox 490 1900 546 1942; x_wconf 91' lang='lat' dir='ltr'><strong>nec</strong></span> <span class='ocrx_word' id='word_1_172' title='bbox 553 1881 714 1944; x_wconf 89' lang='lat' dir='ltr'><strong>Sardorum</strong></span> <span class='ocrx_word' id='word_1_173' title='bbox 729 1883 819 1944; x_wconf 89' lang='lat' dir='ltr'><strong>duces</strong></span> <span class='ocrx_word' id='word_1_174' title='bbox 833 1883 931 1944; x_wconf 91' lang='lat' dir='ltr'><strong>minus</strong></span> <span class='ocrx_word' id='word_1_175' title='bbox 946 1881 1076 1944; x_wconf 90' lang='lat' dir='ltr'><strong>nobilem</strong></span> <span class='ocrx_word' id='word_1_176' title='bbox 1086 1901 1148 1943; x_wconf 90' lang='lat' dir='ltr'><strong>eam</strong></span> <span class='ocrx_word' id='word_1_177' title='bbox 1158 1901 1297 1962; x_wconf 85' lang='lat' dir='ltr'><strong>pugnam</strong></span> 
     </span>
     <span class='ocr_line' id='line_1_20' title="bbox 225 1967 1293 2047; baseline 0.001 -18"><span class='ocrx_word' id='word_1_178' title='bbox 225 1967 355 2029; x_wconf 92' lang='lat' dir='ltr'><strong>cladibus</strong></span> <span class='ocrx_word' id='word_1_179' title='bbox 377 1967 438 2028; x_wconf 87' lang='lat' dir='ltr'><strong>suis</strong></span> <span class='ocrx_word' id='word_1_180' title='bbox 461 1969 609 2029; x_wconf 85' lang='lat' dir='ltr'><strong>lecerunt:</strong></span> <span class='ocrx_word' id='word_1_181' title='bbox 627 1985 696 2027; x_wconf 92' lang='lat' dir='ltr'><strong>nam</strong></span> <span class='ocrx_word' id='word_1_182' title='bbox 712 1975 740 2028; x_wconf 91' lang='lat' dir='ltr'><strong>et</strong></span> <span class='ocrx_word' id='word_1_183' title='bbox 752 1968 829 2029; x_wconf 89' lang='lat' dir='ltr'><strong>filius</strong></span> <span class='ocrx_word' id='word_1_184' title='bbox 845 1967 1054 2047; x_wconf 80' lang='lat' dir='ltr'><strong>Hampsicorae</strong></span> <span class='ocrx_word' id='word_1_185' title='bbox 1067 1967 1165 2028; x_wconf 89' lang='lat' dir='ltr'><strong>Hostis</strong></span> <span class='ocrx_word' id='word_1_186' title='bbox 1180 1968 1212 2028; x_wconf 92' lang='lat' dir='ltr'><strong>in</strong></span> <span class='ocrx_word' id='word_1_187' title='bbox 1228 1969 1293 2030; x_wconf 89' lang='lat' dir='ltr'><strong>acie</strong></span> 
     </span>
    </p>

    <p class='ocr_par' dir='ltr' id='par_1_7' title="bbox 194 2053 1299 2216">
     <span class='ocr_line' id='line_1_21' title="bbox 194 2053 1294 2133; baseline 0.005 -25"><span class='ocrx_word' id='word_1_188' title='bbox 194 2059 211 2108; x_wconf 86' lang='grc'><strong>4</strong></span> <span class='ocrx_word' id='word_1_189' title='bbox 225 2053 335 2126; x_wconf 84' lang='lat' dir='ltr'><strong>cecidit,</strong></span> <span class='ocrx_word' id='word_1_190' title='bbox 350 2062 378 2114; x_wconf 92' lang='lat' dir='ltr'><strong>et</strong></span> <span class='ocrx_word' id='word_1_191' title='bbox 391 2053 581 2133; x_wconf 81' lang='lat' dir='ltr'><strong>Hampsicora</strong></span> <span class='ocrx_word' id='word_1_192' title='bbox 596 2071 665 2112; x_wconf 91' lang='lat' dir='ltr'><strong>cum</strong></span> <span class='ocrx_word' id='word_1_193' title='bbox 680 2053 780 2130; x_wconf 89' lang='lat' dir='ltr'><strong>paucis</strong></span> <span class='ocrx_word' id='word_1_194' title='bbox 794 2053 940 2133; x_wconf 90' lang='lat' dir='ltr'><strong>equitibus</strong></span> <span class='ocrx_word' id='word_1_195' title='bbox 951 2053 1075 2132; x_wconf 84' lang='lat' dir='ltr'><strong>lugiens,</strong></span> <span class='ocrx_word' id='word_1_196' title='bbox 1092 2061 1124 2114; x_wconf 91' lang='lat' dir='ltr'><strong>ut</strong></span> <span class='ocrx_word' id='word_1_197' title='bbox 1133 2071 1223 2132; x_wconf 86' lang='lat' dir='ltr'><strong>super</strong></span> <span class='ocrx_word' id='word_1_198' title='bbox 1234 2055 1294 2114; x_wconf 92' lang='lat' dir='ltr'><strong>ad·</strong></span> 
     </span>
     <span class='ocr_line' id='line_1_22' title="bbox 224 2136 1299 2216; baseline -0.001 -16"><span class='ocrx_word' id='word_1_199' title='bbox 224 2139 316 2200; x_wconf 83' lang='lat' dir='ltr'><strong>dictas</strong></span> <span class='ocrx_word' id='word_1_200' title='bbox 336 2157 385 2198; x_wconf 90' lang='lat' dir='ltr'><strong>res</strong></span> <span class='ocrx_word' id='word_1_201' title='bbox 405 2155 508 2198; x_wconf 91' lang='lat' dir='ltr'><strong>necem</strong></span> <span class='ocrx_word' id='word_1_202' title='bbox 523 2155 643 2216; x_wconf 90' lang='lat' dir='ltr'><strong>quoque</strong></span> <span class='ocrx_word' id='word_1_203' title='bbox 656 2137 696 2197; x_wconf 86' lang='lat' dir='ltr'><strong>tili</strong></span> <span class='ocrx_word' id='word_1_204' title='bbox 710 2136 827 2210; x_wconf 84' lang='lat' dir='ltr'><strong>audivit,</strong></span> <span class='ocrx_word' id='word_1_205' title='bbox 843 2146 938 2210; x_wconf 89' lang='lat' dir='ltr'><strong>nocte,</strong></span> <span class='ocrx_word' id='word_1_206' title='bbox 954 2155 993 2198; x_wconf 92' lang='lat' dir='ltr'><strong>ne</strong></span> <span class='ocrx_word' id='word_1_207' title='bbox 1009 2139 1092 2199; x_wconf 90' lang='lat' dir='ltr'><strong>euius</strong></span> <span class='ocrx_word' id='word_1_208' title='bbox 1106 2139 1299 2200; x_wconf 82' lang='lat' dir='ltr'><strong>interventus</strong></span> 
     </span>
    </p>

    <p class='ocr_par' dir='ltr' id='par_1_8' title="bbox 196 2222 1295 2387">
     <span class='ocr_line' id='line_1_23' title="bbox 196 2222 1295 2302; baseline 0.006 -24"><span class='ocrx_word' id='word_1_209' title='bbox 196 2229 211 2278; x_wconf 85' lang='lat'>5</span> <span class='ocrx_word' id='word_1_210' title='bbox 225 2232 327 2302; x_wconf 90' lang='lat' dir='ltr'><strong>coepta</strong></span> <span class='ocrx_word' id='word_1_211' title='bbox 342 2223 495 2301; x_wconf 84' lang='lat' dir='ltr'><strong>inpediret,</strong></span> <span class='ocrx_word' id='word_1_212' title='bbox 509 2231 635 2284; x_wconf 90' lang='lat' dir='ltr'><strong>mortem</strong></span> <span class='ocrx_word' id='word_1_213' title='bbox 652 2222 707 2282; x_wconf 92' lang='lat' dir='ltr'><strong>sibi</strong></span> <span class='ocrx_word' id='word_1_214' title='bbox 721 2223 870 2284; x_wconf 87' lang='lat' dir='ltr'><strong>conscivit.</strong></span> <span class='ocrx_word' id='word_1_215' title='bbox 900 2223 1002 2284; x_wconf 90' lang='lat' dir='ltr'><strong>ceteris</strong></span> <span class='ocrx_word' id='word_1_216' title='bbox 1017 2223 1089 2284; x_wconf 91' lang='lat' dir='ltr'><strong>urbs</strong></span> <span class='ocrx_word' id='word_1_217' title='bbox 1105 2223 1223 2285; x_wconf 83' lang='lat' dir='ltr'><strong>Cornus</strong></span> <span class='ocrx_word' id='word_1_218' title='bbox 1237 2242 1295 2285; x_wconf 87' lang='lat' dir='ltr'><strong>ea—</strong></span> 
     </span>
     <span class='ocr_line' id='line_1_24' title="bbox 225 2308 1295 2387; baseline 0.002 -19"><span class='ocrx_word' id='word_1_219' title='bbox 225 2309 301 2380; x_wconf 88' lang='lat' dir='ltr'><strong>dem,</strong></span> <span class='ocrx_word' id='word_1_220' title='bbox 322 2325 397 2386; x_wconf 87' lang='lat' dir='ltr'><strong>quae</strong></span> <span class='ocrx_word' id='word_1_221' title='bbox 413 2315 488 2379; x_wconf 83' lang='lat' dir='ltr'><strong>ante,</strong></span> <span class='ocrx_word' id='word_1_222' title='bbox 504 2309 590 2385; x_wconf 84' lang='lat' dir='ltr'><strong>fugae</strong></span> <span class='ocrx_word' id='word_1_223' title='bbox 610 2308 826 2384; x_wconf 90' lang='lat' dir='ltr'><strong>receptaculum</strong></span> <span class='ocrx_word' id='word_1_224' title='bbox 842 2308 912 2378; x_wconf 77' lang='lat' dir='ltr'><strong>fuit3</strong></span> <span class='ocrx_word' id='word_1_225' title='bbox 934 2326 1023 2387; x_wconf 88' lang='lat' dir='ltr'><strong>quam</strong></span> <span class='ocrx_word' id='word_1_226' title='bbox 1037 2308 1161 2370; x_wconf 88' lang='lat' dir='ltr'><strong>Manlius</strong></span> <span class='ocrx_word' id='word_1_227' title='bbox 1177 2309 1295 2370; x_wconf 81' lang='lat' dir='ltr'><strong>victore</strong></span> 
     </span>
    </p>

    <p class='ocr_par' dir='ltr' id='par_1_9' title="bbox 194 2391 1298 2558">
     <span class='ocr_line' id='line_1_25' title="bbox 194 2391 1298 2472; baseline -0.002 -19"><span class='ocrx_word' id='word_1_228' title='bbox 194 2394 209 2444; x_wconf 82' lang='grc'><strong>6</strong></span> <span class='ocrx_word' id='word_1_229' title='bbox 224 2392 354 2453; x_wconf 78' lang='lat' dir='ltr'><strong>exercitu</strong></span> <span class='ocrx_word' id='word_1_230' title='bbox 369 2391 524 2469; x_wconf 87' lang='lat' dir='ltr'><strong>adgressus</strong></span> <span class='ocrx_word' id='word_1_231' title='bbox 539 2392 616 2452; x_wconf 90' lang='lat' dir='ltr'><strong>intra</strong></span> <span class='ocrx_word' id='word_1_232' title='bbox 628 2391 688 2451; x_wconf 89' lang='lat' dir='ltr'><strong>dies</strong></span> <span class='ocrx_word' id='word_1_233' title='bbox 699 2410 808 2470; x_wconf 89' lang='lat' dir='ltr'><strong>paucos</strong></span> <span class='ocrx_word' id='word_1_234' title='bbox 823 2393 940 2472; x_wconf 88' lang='lat' dir='ltr'><strong>recepit</strong></span> <span class='ocrx_word' id='word_1_235' title='bbox 963 2393 1068 2454; x_wconf 92' lang='lat' dir='ltr'><strong>deinde</strong></span> <span class='ocrx_word' id='word_1_236' title='bbox 1082 2393 1152 2456; x_wconf 85' lang='lat' dir='ltr'><strong>aliae</strong></span> <span class='ocrx_word' id='word_1_237' title='bbox 1168 2411 1298 2472; x_wconf 75' lang='lat' dir='ltr'><strong>quoque,</strong></span> 
     </span>
     <span class='ocr_line' id='line_1_26' title="bbox 205 2475 1297 2558; baseline 0.003 -21"><span class='ocrx_word' id='word_1_238' title='bbox 205 2481 207 2484; x_wconf 81' lang='grc'><strong>’</strong></span> <span class='ocrx_word' id='word_1_239' title='bbox 225 2477 361 2548; x_wconf 82' lang='lat' dir='ltr'><strong>civitates,</strong></span> <span class='ocrx_word' id='word_1_240' title='bbox 381 2494 455 2554; x_wconf 90' lang='lat' dir='ltr'><strong>quae</strong></span> <span class='ocrx_word' id='word_1_241' title='bbox 470 2476 506 2536; x_wconf 93' lang='lat' dir='ltr'><strong>ad</strong></span> <span class='ocrx_word' id='word_1_242' title='bbox 520 2475 743 2554; x_wconf 89' lang='lat' dir='ltr'><strong>Hampsicoram</strong></span> <span class='ocrx_word' id='word_1_243' title='bbox 756 2477 932 2558; x_wconf 89' lang='lat' dir='ltr'><strong>Poenosque</strong></span> <span class='ocrx_word' id='word_1_244' title='bbox 946 2479 1120 2552; x_wconf 82' lang='lat' dir='ltr'><strong>deiecerant,</strong></span> <span class='ocrx_word' id='word_1_245' title='bbox 1135 2479 1297 2540; x_wconf 81' lang='lat' dir='ltr'><strong>obsidibus</strong></span> 
     </span>
    </p>
   </div>
   <div class='ocr_carea' id='block_1_5' title="bbox 221 2697 1299 3242">
    <p class='ocr_par' dir='ltr' id='par_1_10' title="bbox 222 2697 1297 2830">
     <span class='ocr_line' id='line_1_27' title="bbox 226 2697 1297 2761; baseline 0.002 -14"><span class='ocrx_word' id='word_1_246' title='bbox 226 2697 313 2747; x_wconf 74' lang='lat' dir='ltr'><strong>idone.</strong></span> <span class='ocrx_word' id='word_1_247' title='bbox 332 2723 366 2734; x_wconf 88' lang='lat'>-</span> <span class='ocrx_word' id='word_1_248' title='bbox 378 2705 486 2760; x_wconf 67' lang='lat' dir='ltr'><strong>perum.</strong></span> <span class='ocrx_word' id='word_1_249' title='bbox 499 2705 558 2760; x_wconf 81' lang='lat' dir='ltr'><strong>erat,</strong></span> <span class='ocrx_word' id='word_1_250' title='bbox 573 2711 593 2746; x_wconf 89' lang='lat' dir='ltr'><strong>s.</strong></span> <span class='ocrx_word' id='word_1_251' title='bbox 615 2699 637 2760; x_wconf 90' lang='lat'><strong>1,</strong></span> <span class='ocrx_word' id='word_1_252' title='bbox 657 2700 681 2761; x_wconf 90' lang='grc'><strong>1,</strong></span> <span class='ocrx_word' id='word_1_253' title='bbox 701 2699 729 2760; x_wconf 81' lang='lat'><strong>53</strong></span> <span class='ocrx_word' id='word_1_254' title='bbox 780 2707 915 2761; x_wconf 76' lang='lat' dir='ltr'><strong>-captus,</strong></span> <span class='ocrx_word' id='word_1_255' title='bbox 935 2712 955 2746; x_wconf 86' lang='lat' dir='ltr'><strong>c.</strong></span> <span class='ocrx_word' id='word_1_256' title='bbox 966 2699 1007 2761; x_wconf 89' lang='grc'><strong>39,</strong></span> <span class='ocrx_word' id='word_1_257' title='bbox 1026 2701 1056 2750; x_wconf 85' lang='lat'><strong>4:</strong></span> <span class='ocrx_word' id='word_1_258' title='bbox 1070 2701 1140 2748; x_wconf 65' lang='lat' dir='ltr'><strong>naeu</strong></span> <span class='ocrx_word' id='word_1_259' title='bbox 1150 2716 1201 2750; x_wconf 76' lang='lat' dir='ltr'><strong>msa</strong></span> <span class='ocrx_word' id='word_1_260' title='bbox 1212 2709 1297 2761; x_wconf 74' lang='lat' dir='ltr'><strong>cepta.</strong></span> 
     </span>
     <span class='ocr_line' id='line_1_28' title="bbox 222 2765 1297 2830; baseline 0 -14"><span class='ocrx_word' id='word_1_261' title='bbox 222 2767 255 2818; x_wconf 91' lang='lat' dir='ltr'><strong>ib.</strong></span> <span class='ocrx_word' id='word_1_262' title='bbox 274 2768 316 2829; x_wconf 86' lang='grc'><strong>46,</strong></span> <span class='ocrx_word' id='word_1_263' title='bbox 335 2769 360 2827; x_wconf 90' lang='grc'><strong>4,</strong></span> <span class='ocrx_word' id='word_1_264' title='bbox 378 2767 429 2830; x_wconf 85' lang='lat' dir='ltr'><strong>vgl.</strong></span> <span class='ocrx_word' id='word_1_265' title='bbox 448 2767 490 2828; x_wconf 88' lang='grc'><strong>22,</strong></span> <span class='ocrx_word' id='word_1_266' title='bbox 510 2768 543 2818; x_wconf 89' lang='grc'><strong>22</strong></span> <span class='ocrx_word' id='word_1_267' title='bbox 575 2767 613 2818; x_wconf 88' lang='grc'><strong>19.</strong></span> <span class='ocrx_word' id='word_1_268' title='bbox 780 2769 911 2818; x_wconf 74' lang='lat' dir='ltr'><strong>-nobaea</strong></span> <span class='ocrx_word' id='word_1_269' title='bbox 922 2765 1297 2818; x_wconf 81' lang='lat' dir='ltr'><strong>wabrscbeinliehdieGorusi-</strong></span> 
     </span>
    </p>

    <p class='ocr_par' dir='ltr' id='par_1_11' title="bbox 221 2834 1299 3242">
     <span class='ocr_line' id='line_1_29' title="bbox 257 2834 1299 2900; baseline 0 -12"><span class='ocrx_word' id='word_1_270' title='bbox 257 2837 348 2888; x_wconf 80' lang='lat'><strong>9—12.</strong></span> <span class='ocrx_word' id='word_1_271' title='bbox 366 2838 452 2886; x_wconf 75' lang='grc'><strong>6316616</strong></span> <span class='ocrx_word' id='word_1_272' title='bbox 470 2840 535 2885; x_wconf 87' lang='lat' dir='ltr'><strong>stett</strong></span> <span class='ocrx_word' id='word_1_273' title='bbox 555 2834 597 2884; x_wconf 88' lang='lat' dir='ltr'><strong>des</strong></span> <span class='ocrx_word' id='word_1_274' title='bbox 610 2834 729 2899; x_wconf 82' lang='lat' dir='ltr'><strong>gewdbn·</strong></span> <span class='ocrx_word' id='word_1_275' title='bbox 780 2841 859 2897; x_wconf 82' lang='lat' dir='ltr'><strong>asten,</strong></span> <span class='ocrx_word' id='word_1_276' title='bbox 881 2837 923 2898; x_wconf 94' lang='grc'><strong>21,</strong></span> <span class='ocrx_word' id='word_1_277' title='bbox 943 2837 985 2897; x_wconf 88' lang='grc'><strong>69,</strong></span> <span class='ocrx_word' id='word_1_278' title='bbox 1005 2838 1028 2886; x_wconf 92' lang='grc'><strong>1.</strong></span> <span class='ocrx_word' id='word_1_279' title='bbox 1041 2837 1179 2900; x_wconf 57' lang='lat' dir='ltr'><strong>*Hardea</strong></span> <span class='ocrx_word' id='word_1_280' title='bbox 1198 2839 1222 2898; x_wconf 92' lang='grc'><strong>1,</strong></span> <span class='ocrx_word' id='word_1_281' title='bbox 1245 2838 1299 2900; x_wconf 71' lang='grc'><strong>23,</strong></span> 
     </span>
     <span class='ocr_line' id='line_1_30' title="bbox 221 2901 1295 2968; baseline -0.001 -13"><span class='ocrx_word' id='word_1_282' title='bbox 221 2905 305 2955; x_wconf 85' lang='lat' dir='ltr'><strong>lichen</strong></span> <span class='ocrx_word' id='word_1_283' title='bbox 324 2905 447 2968; x_wconf 71' lang='lat' dir='ltr'><strong>consere,</strong></span> <span class='ocrx_word' id='word_1_284' title='bbox 465 2907 621 2968; x_wconf 73' lang='lat' dir='ltr'><strong>coniungere,</strong></span> <span class='ocrx_word' id='word_1_285' title='bbox 638 2906 668 2964; x_wconf 87' lang='lat'><strong>4,</strong></span> <span class='ocrx_word' id='word_1_286' title='bbox 687 2904 729 2968; x_wconf 88' lang='grc'><strong>21,</strong></span> <span class='ocrx_word' id='word_1_287' title='bbox 780 2907 810 2967; x_wconf 75' lang='lat'><strong>43</strong></span> <span class='ocrx_word' id='word_1_288' title='bbox 836 2901 866 2954; x_wconf 72' lang='lat' dir='ltr'><strong>li.</strong></span> <span class='ocrx_word' id='word_1_289' title='bbox 892 2905 948 2956; x_wconf 83' lang='lat'><strong>119.</strong></span> <span class='ocrx_word' id='word_1_290' title='bbox 983 2902 1045 2952; x_wconf 72' lang='lat' dir='ltr'><strong>Duas</strong></span> <span class='ocrx_word' id='word_1_291' title='bbox 1063 2901 1150 2954; x_wconf 86' lang='lat' dir='ltr'><strong>Hanno</strong></span> <span class='ocrx_word' id='word_1_292' title='bbox 1169 2903 1208 2954; x_wconf 86' lang='lat' dir='ltr'><strong>die</strong></span> <span class='ocrx_word' id='word_1_293' title='bbox 1227 2901 1295 2954; x_wconf 79' lang='lat' dir='ltr'><strong>Em-</strong></span> 
     </span>
     <span class='ocr_line' id='line_1_31' title="bbox 223 2970 1294 3038; baseline 0.005 -18"><span class='ocrx_word' id='word_1_294' title='bbox 223 2975 252 3038; x_wconf 79' lang='lat'><strong>5,</strong></span> <span class='ocrx_word' id='word_1_295' title='bbox 281 2971 341 3022; x_wconf 85' lang='lat' dir='ltr'><strong>weil</strong></span> <span class='ocrx_word' id='word_1_296' title='bbox 361 2972 431 3022; x_wconf 89' lang='lat' dir='ltr'><strong>einer</strong></span> <span class='ocrx_word' id='word_1_297' title='bbox 447 2971 495 3022; x_wconf 88' lang='lat' dir='ltr'><strong>den</strong></span> <span class='ocrx_word' id='word_1_298' title='bbox 513 2972 607 3021; x_wconf 84' lang='lat' dir='ltr'><strong>endem</strong></span> <span class='ocrx_word' id='word_1_299' title='bbox 623 2970 729 3021; x_wconf 74' lang='lat' dir='ltr'><strong>hindei-n</strong></span> <span class='ocrx_word' id='word_1_300' title='bbox 779 2974 875 3038; x_wconf 77' lang='lat' dir='ltr'><strong>pirung</strong></span> <span class='ocrx_word' id='word_1_301' title='bbox 897 2971 1040 3022; x_wconf 84' lang='lat' dir='ltr'><strong>vernulasst</strong></span> <span class='ocrx_word' id='word_1_302' title='bbox 1058 2972 1136 3037; x_wconf 82' lang='lat' dir='ltr'><strong>bebo,</strong></span> <span class='ocrx_word' id='word_1_303' title='bbox 1160 2971 1195 3022; x_wconf 90' lang='lat' dir='ltr'><strong>ist</strong></span> <span class='ocrx_word' id='word_1_304' title='bbox 1212 2987 1235 3023; x_wconf 92' lang='lat' dir='ltr'><strong>c.</strong></span> <span class='ocrx_word' id='word_1_305' title='bbox 1256 2974 1294 3026; x_wconf 85' lang='grc'><strong>32</strong></span> 
     </span>
     <span class='ocr_line' id='line_1_32' title="bbox 221 3040 1297 3104; baseline 0.002 -14"><span class='ocrx_word' id='word_1_306' title='bbox 221 3041 277 3090; x_wconf 79' lang='lat' dir='ltr'><strong>will</strong></span> <span class='ocrx_word' id='word_1_307' title='bbox 295 3040 474 3090; x_wconf 86' lang='lat' dir='ltr'><strong>vorzuriieken.</strong></span> <span class='ocrx_word' id='word_1_308' title='bbox 487 3068 521 3076; x_wconf 96' lang='lat'>-</span> <span class='ocrx_word' id='word_1_309' title='bbox 532 3043 616 3090; x_wconf 73' lang='grc'><strong>(161636</strong></span> <span class='ocrx_word' id='word_1_310' title='bbox 628 3055 675 3100; x_wconf 80' lang='lat' dir='ltr'><strong>per</strong></span> <span class='ocrx_word' id='word_1_311' title='bbox 685 3055 728 3100; x_wconf 76' lang='lat' dir='ltr'><strong>pr.</strong></span> <span class='ocrx_word' id='word_1_312' title='bbox 779 3040 849 3090; x_wconf 88' lang='lat' dir='ltr'><strong>nicht</strong></span> <span class='ocrx_word' id='word_1_313' title='bbox 867 3040 1019 3104; x_wconf 84' lang='lat' dir='ltr'><strong>angegeben.</strong></span> <span class='ocrx_word' id='word_1_314' title='bbox 1037 3065 1070 3076; x_wconf 92' lang='grc'><strong>-</strong></span> <span class='ocrx_word' id='word_1_315' title='bbox 1088 3043 1179 3103; x_wconf 58' lang='lat' dir='ltr'><strong>conat,</strong></span> <span class='ocrx_word' id='word_1_316' title='bbox 1197 3041 1240 3092; x_wconf 87' lang='lat' dir='ltr'><strong>bei</strong></span> <span class='ocrx_word' id='word_1_317' title='bbox 1260 3041 1297 3092; x_wconf 85' lang='lat' dir='ltr'><strong>L.</strong></span> 
     </span>
     <span class='ocr_line' id='line_1_33' title="bbox 222 3108 1293 3174; baseline 0.003 -15"><span class='ocrx_word' id='word_1_318' title='bbox 222 3115 278 3171; x_wconf 82' lang='lat' dir='ltr'><strong>etc,</strong></span> <span class='ocrx_word' id='word_1_319' title='bbox 303 3108 354 3171; x_wconf 87' lang='lat' dir='ltr'><strong>vgl.</strong></span> <span class='ocrx_word' id='word_1_320' title='bbox 376 3110 417 3171; x_wconf 86' lang='lat'><strong>28,</strong></span> <span class='ocrx_word' id='word_1_321' title='bbox 436 3111 477 3171; x_wconf 90' lang='grc'><strong>33,</strong></span> <span class='ocrx_word' id='word_1_322' title='bbox 499 3110 528 3161; x_wconf 79' lang='grc' dir='ltr'><strong>6ι</strong></span> <span class='ocrx_word' id='word_1_323' title='bbox 549 3111 609 3159; x_wconf 80' lang='lat' dir='ltr'><strong>levia</strong></span> <span class='ocrx_word' id='word_1_324' title='bbox 624 3125 671 3170; x_wconf 79' lang='lat' dir='ltr'><strong>per</strong></span> <span class='ocrx_word' id='word_1_325' title='bbox 686 3125 728 3158; x_wconf 73' lang='lat' dir='ltr'><strong>eo-</strong></span> <span class='ocrx_word' id='word_1_326' title='bbox 778 3115 871 3172; x_wconf 77' lang='lat' dir='ltr'><strong>meret,</strong></span> <span class='ocrx_word' id='word_1_327' title='bbox 891 3111 932 3172; x_wconf 87' lang='grc'><strong>31,</strong></span> <span class='ocrx_word' id='word_1_328' title='bbox 952 3112 993 3172; x_wconf 83' lang='grc'><strong>45,</strong></span> <span class='ocrx_word' id='word_1_329' title='bbox 1015 3110 1060 3174; x_wconf 83' lang='grc'><strong>11;</strong></span> <span class='ocrx_word' id='word_1_330' title='bbox 1076 3111 1119 3172; x_wconf 82' lang='grc'><strong>45,</strong></span> <span class='ocrx_word' id='word_1_331' title='bbox 1143 3111 1182 3171; x_wconf 89' lang='grc'><strong>19,</strong></span> <span class='ocrx_word' id='word_1_332' title='bbox 1202 3111 1293 3162; x_wconf 89' lang='grc'><strong>19.-</strong></span> 
     </span>
     <span class='ocr_line' id='line_1_34' title="bbox 221 3177 1297 3242; baseline 0 -14"><span class='ocrx_word' id='word_1_333' title='bbox 221 3181 344 3228; x_wconf 71' lang='lat' dir='ltr'><strong>cursiones</strong></span> <span class='ocrx_word' id='word_1_334' title='bbox 355 3181 465 3238; x_wconf 58' lang='lat' dir='ltr'><strong>praelim</strong></span> <span class='ocrx_word' id='word_1_335' title='bbox 489 3178 535 3241; x_wconf 85' lang='grc'><strong>31,</strong></span> <span class='ocrx_word' id='word_1_336' title='bbox 564 3177 609 3239; x_wconf 84' lang='grc'><strong>18,</strong></span> <span class='ocrx_word' id='word_1_337' title='bbox 634 3179 650 3229; x_wconf 98' lang='grc'><strong>9</strong></span> <span class='ocrx_word' id='word_1_338' title='bbox 656 3190 665 3242; x_wconf 82' lang='grc'><strong>;</strong></span> <span class='ocrx_word' id='word_1_339' title='bbox 684 3177 727 3226; x_wconf 82' lang='lat' dir='ltr'><strong>das</strong></span> <span class='ocrx_word' id='word_1_340' title='bbox 778 3194 821 3228; x_wconf 78' lang='lat' dir='ltr'><strong>neo</strong></span> <span class='ocrx_word' id='word_1_341' title='bbox 840 3183 887 3228; x_wconf 85' lang='lat' dir='ltr'><strong>etc.</strong></span> <span class='ocrx_word' id='word_1_342' title='bbox 900 3199 936 3220; x_wconf 85' lang='lat'>=</span> <span class='ocrx_word' id='word_1_343' title='bbox 947 3187 970 3229; x_wconf 84' lang='lat' dir='ltr'><strong>et</strong></span> <span class='ocrx_word' id='word_1_344' title='bbox 982 3203 1016 3212; x_wconf 89' lang='lat'><em>—</em></span> <span class='ocrx_word' id='word_1_345' title='bbox 1026 3193 1076 3228; x_wconf 78' lang='lat' dir='ltr'><strong>oen</strong></span> <span class='ocrx_word' id='word_1_346' title='bbox 1086 3182 1166 3228; x_wconf 76' lang='lat' dir='ltr'><strong>minua</strong></span> <span class='ocrx_word' id='word_1_347' title='bbox 1178 3179 1297 3241; x_wconf 70' lang='grc'><strong>66361666,</strong></span> 
     </span>
    </p>
   </div>
   <div class='ocr_carea' id='block_1_6' title="bbox 221 3242 1301 3311">
    <p class='ocr_par' dir='ltr' id='par_1_12' title="bbox 221 3242 1301 3311">
     <span class='ocr_line' id='line_1_35' title="bbox 221 3242 1301 3311; baseline 0.005 -17"><span class='ocrx_word' id='word_1_348' title='bbox 221 3246 274 3295; x_wconf 87' lang='lat' dir='ltr'><strong>bds.</strong></span> <span class='ocrx_word' id='word_1_349' title='bbox 294 3248 402 3306; x_wconf 76' lang='lat' dir='ltr'><strong>deinceps</strong></span> <span class='ocrx_word' id='word_1_350' title='bbox 428 3246 498 3296; x_wconf 76' lang='lat' dir='ltr'><strong>wire</strong></span> <span class='ocrx_word' id='word_1_351' title='bbox 516 3245 579 3308; x_wconf 87' lang='lat' dir='ltr'><strong>bier,</strong></span> <span class='ocrx_word' id='word_1_352' title='bbox 597 3259 639 3294; x_wconf 83' lang='lat' dir='ltr'><strong>wo</strong></span> <span class='ocrx_word' id='word_1_353' title='bbox 659 3243 730 3295; x_wconf 87' lang='lat' dir='ltr'><strong>nieht</strong></span> <span class='ocrx_word' id='word_1_354' title='bbox 778 3246 830 3310; x_wconf 81' lang='lat' dir='ltr'><strong>vgl.</strong></span> <span class='ocrx_word' id='word_1_355' title='bbox 855 3250 885 3311; x_wconf 88' lang='grc'><strong>1,</strong></span> <span class='ocrx_word' id='word_1_356' title='bbox 917 3247 964 3309; x_wconf 89' lang='grc'><strong>26,</strong></span> <span class='ocrx_word' id='word_1_357' title='bbox 1000 3247 1023 3298; x_wconf 89' lang='grc'><strong>3.</strong></span> <span class='ocrx_word' id='word_1_358' title='bbox 1052 3272 1086 3282; x_wconf 89' lang='grc'><strong>-</strong></span> <span class='ocrx_word' id='word_1_359' title='bbox 1115 3262 1188 3308; x_wconf 66' lang='lat' dir='ltr'><strong>emer</strong></span> <span class='ocrx_word' id='word_1_360' title='bbox 1208 3242 1301 3309; x_wconf 83' lang='lat' dir='ltr'><strong>&#39;iiber;.</strong></span> 
     </span>
    </p>
   </div>
   <div class='ocr_carea' id='block_1_7' title="bbox 220 3312 1300 3722">
    <p class='ocr_par' dir='ltr' id='par_1_13' title="bbox 221 3312 1298 3448">
     <span class='ocr_line' id='line_1_36' title="bbox 221 3312 1298 3379; baseline 0.002 -15"><span class='ocrx_word' id='word_1_361' title='bbox 221 3313 358 3378; x_wconf 85' lang='lat' dir='ltr'><strong>cigentlieb</strong></span> <span class='ocrx_word' id='word_1_362' title='bbox 386 3313 441 3366; x_wconf 90' lang='lat' dir='ltr'><strong>eine</strong></span> <span class='ocrx_word' id='word_1_363' title='bbox 470 3312 634 3377; x_wconf 84' lang='lat' dir='ltr'><strong>Reibeniolge</strong></span> <span class='ocrx_word' id='word_1_364' title='bbox 665 3319 729 3364; x_wconf 84' lang='lat' dir='ltr'><strong>stntt</strong></span> <span class='ocrx_word' id='word_1_365' title='bbox 779 3329 866 3365; x_wconf 87' lang='lat' dir='ltr'><strong>ausser</strong></span> <span class='ocrx_word' id='word_1_366' title='bbox 885 3341 919 3352; x_wconf 94' lang='lat'><strong>·-</strong></span> <span class='ocrx_word' id='word_1_367' title='bbox 938 3315 1009 3379; x_wconf 83' lang='lat' dir='ltr'><strong>noch,</strong></span> <span class='ocrx_word' id='word_1_368' title='bbox 1029 3313 1080 3378; x_wconf 82' lang='lat' dir='ltr'><strong>vgl</strong></span> <span class='ocrx_word' id='word_1_369' title='bbox 1103 3329 1123 3363; x_wconf 90' lang='lat' dir='ltr'><strong>c.</strong></span> <span class='ocrx_word' id='word_1_370' title='bbox 1138 3316 1179 3379; x_wconf 89' lang='grc'><strong>36,</strong></span> <span class='ocrx_word' id='word_1_371' title='bbox 1203 3316 1234 3367; x_wconf 82' lang='lat'><strong>2:</strong></span> <span class='ocrx_word' id='word_1_372' title='bbox 1253 3318 1298 3366; x_wconf 81' lang='lat' dir='ltr'><strong>ab.</strong></span> 
     </span>
     <span class='ocr_line' id='line_1_37' title="bbox 221 3382 1119 3448; baseline -0.001 -14"><span class='ocrx_word' id='word_1_373' title='bbox 221 3384 273 3448; x_wconf 83' lang='lat' dir='ltr'><strong>bat,</strong></span> <span class='ocrx_word' id='word_1_374' title='bbox 286 3383 338 3434; x_wconf 89' lang='lat' dir='ltr'><strong>und</strong></span> <span class='ocrx_word' id='word_1_375' title='bbox 351 3383 561 3444; x_wconf 76' lang='lat' dir='ltr'><strong>zwisebonpn&#39;mo</strong></span> <span class='ocrx_word' id='word_1_376' title='bbox 571 3392 728 3444; x_wconf 78' lang='lat' dir='ltr'><strong>—poetremo</strong></span> <span class='ocrx_word' id='word_1_377' title='bbox 778 3409 813 3420; x_wconf 91' lang='lat'>-</span> <span class='ocrx_word' id='word_1_378' title='bbox 831 3387 899 3435; x_wconf 71' lang='lat' dir='ltr'><strong>etius</strong></span> <span class='ocrx_word' id='word_1_379' title='bbox 915 3382 1119 3434; x_wconf 77' lang='lat' dir='ltr'><strong>substantivisclc</strong></span> 
     </span>
    </p>

    <p class='ocr_par' dir='ltr' id='par_1_14' title="bbox 221 3450 728 3519">
     <span class='ocr_line' id='line_1_38' title="bbox 221 3450 728 3519; baseline 0.004 -17"><span class='ocrx_word' id='word_1_380' title='bbox 221 3453 290 3502; x_wconf 87' lang='lat' dir='ltr'><strong>nicht</strong></span> <span class='ocrx_word' id='word_1_381' title='bbox 308 3452 425 3519; x_wconf 68' lang='lat' dir='ltr'><strong>possead,</strong></span> <span class='ocrx_word' id='word_1_382' title='bbox 451 3466 496 3500; x_wconf 86' lang='lat' dir='ltr'><strong>zur</strong></span> <span class='ocrx_word' id='word_1_383' title='bbox 516 3450 596 3501; x_wconf 88' lang='lat' dir='ltr'><strong>Sncbe</strong></span> <span class='ocrx_word' id='word_1_384' title='bbox 613 3453 661 3514; x_wconf 89' lang='grc'><strong>23,</strong></span> <span class='ocrx_word' id='word_1_385' title='bbox 688 3453 728 3514; x_wconf 89' lang='grc'><strong>16,</strong></span> 
     </span>
    </p>

    <p class='ocr_par' dir='ltr' id='par_1_15' title="bbox 220 3516 1300 3722">
     <span class='ocr_line' id='line_1_39' title="bbox 221 3516 1294 3588; baseline -0.004 -14"><span class='ocrx_word' id='word_1_386' title='bbox 221 3525 251 3588; x_wconf 87' lang='grc'><strong>4;</strong></span> <span class='ocrx_word' id='word_1_387' title='bbox 277 3523 318 3584; x_wconf 88' lang='grc'><strong>22,</strong></span> <span class='ocrx_word' id='word_1_388' title='bbox 342 3524 385 3583; x_wconf 90' lang='grc'><strong>44,</strong></span> <span class='ocrx_word' id='word_1_389' title='bbox 414 3523 439 3573; x_wconf 90' lang='grc'><strong>4.</strong></span> <span class='ocrx_word' id='word_1_390' title='bbox 461 3545 496 3558; x_wconf 91' lang='grc'><strong>-</strong></span> <span class='ocrx_word' id='word_1_391' title='bbox 512 3521 598 3570; x_wconf 77' lang='lat' dir='ltr'><strong>sarae</strong></span> <span class='ocrx_word' id='word_1_392' title='bbox 614 3547 647 3556; x_wconf 94' lang='lat'>—</span> <span class='ocrx_word' id='word_1_393' title='bbox 667 3523 728 3583; x_wconf 75' lang='lat' dir='ltr'><strong>ada,</strong></span> <span class='ocrx_word' id='word_1_394' title='bbox 814 3523 888 3573; x_wconf 77' lang='grc'><strong>5-1.</strong></span> <span class='ocrx_word' id='word_1_395' title='bbox 900 3522 980 3587; x_wconf 69' lang='lat' dir='ltr'><strong>fugae</strong></span> <span class='ocrx_word' id='word_1_396' title='bbox 997 3536 1033 3582; x_wconf 71' lang='lat' dir='ltr'><strong>st,</strong></span> <span class='ocrx_word' id='word_1_397' title='bbox 1060 3516 1102 3569; x_wconf 81' lang='lat' dir='ltr'><strong>liin</strong></span> <span class='ocrx_word' id='word_1_398' title='bbox 1121 3517 1161 3568; x_wconf 89' lang='lat' dir='ltr'><strong>die</strong></span> <span class='ocrx_word' id='word_1_399' title='bbox 1180 3518 1294 3584; x_wconf 79' lang='lat' dir='ltr'><strong>iibrigen</strong></span> 
     </span>
     <span class='ocr_line' id='line_1_40' title="bbox 220 3586 1300 3655; baseline 0.001 -16"><span class='ocrx_word' id='word_1_400' title='bbox 220 3590 342 3646; x_wconf 79' lang='lat' dir='ltr'><strong>wiibrend</strong></span> <span class='ocrx_word' id='word_1_401' title='bbox 359 3590 484 3655; x_wconf 80' lang='lat' dir='ltr'><strong>dagogon3</strong></span> <span class='ocrx_word' id='word_1_402' title='bbox 504 3588 581 3638; x_wconf 85' lang='lat' dir='ltr'><strong>deber</strong></span> <span class='ocrx_word' id='word_1_403' title='bbox 600 3587 639 3638; x_wconf 87' lang='lat' dir='ltr'><strong>dic</strong></span> <span class='ocrx_word' id='word_1_404' title='bbox 660 3587 728 3639; x_wconf 85' lang='lat' dir='ltr'><strong>Stel·</strong></span> <span class='ocrx_word' id='word_1_405' title='bbox 779 3615 812 3624; x_wconf 90' lang='lat'>—</span> <span class='ocrx_word' id='word_1_406' title='bbox 830 3587 877 3640; x_wconf 81' lang='lat' dir='ltr'><strong>aui</strong></span> <span class='ocrx_word' id='word_1_407' title='bbox 891 3591 935 3640; x_wconf 91' lang='lat' dir='ltr'><strong>der</strong></span> <span class='ocrx_word' id='word_1_408' title='bbox 951 3587 1051 3650; x_wconf 84' lang='lat' dir='ltr'><strong>Flucbt,</strong></span> <span class='ocrx_word' id='word_1_409' title='bbox 1071 3586 1252 3652; x_wconf 73' lang='lat' dir='ltr'><strong>anluebtsort,</strong></span> <span class='ocrx_word' id='word_1_410' title='bbox 1271 3605 1300 3640; x_wconf 77' lang='lat' dir='ltr'><strong>s.</strong></span> 
     </span>
     <span class='ocr_line' id='line_1_41' title="bbox 220 3657 1295 3722; baseline 0.001 -15"><span class='ocrx_word' id='word_1_411' title='bbox 220 3658 282 3722; x_wconf 83' lang='lat' dir='ltr'><strong>long</strong></span> <span class='ocrx_word' id='word_1_412' title='bbox 305 3657 455 3722; x_wconf 78' lang='lat' dir='ltr'><strong>chiestiscb3</strong></span> <span class='ocrx_word' id='word_1_413' title='bbox 480 3673 526 3706; x_wconf 84' lang='lat' dir='ltr'><strong>zur</strong></span> <span class='ocrx_word' id='word_1_414' title='bbox 548 3657 687 3708; x_wconf 80' lang='lat' dir='ltr'><strong>construet.</strong></span> <span class='ocrx_word' id='word_1_415' title='bbox 707 3659 736 3707; x_wconf 65' lang='lat' dir='ltr'><strong>s:</strong></span> <span class='ocrx_word' id='word_1_416' title='bbox 779 3659 804 3720; x_wconf 88' lang='lat'><strong>8,</strong></span> <span class='ocrx_word' id='word_1_417' title='bbox 828 3661 867 3722; x_wconf 83' lang='lat'><strong>19,</strong></span> <span class='ocrx_word' id='word_1_418' title='bbox 887 3660 931 3712; x_wconf 80' lang='lat' dir='ltr'><strong>to:</strong></span> <span class='ocrx_word' id='word_1_419' title='bbox 947 3662 1118 3719; x_wconf 76' lang='lat' dir='ltr'><strong>receptaculum</strong></span> <span class='ocrx_word' id='word_1_420' title='bbox 1131 3657 1210 3722; x_wconf 69' lang='lat' dir='ltr'><strong>sugas</strong></span> <span class='ocrx_word' id='word_1_421' title='bbox 1229 3659 1295 3708; x_wconf 83' lang='lat' dir='ltr'><strong>Pri·</strong></span> 
     </span>
    </p>
   </div>
   <div class='ocr_carea' id='block_1_8' title="bbox 223 3725 1302 3791">
    <p class='ocr_par' dir='ltr' id='par_1_16' title="bbox 223 3725 1302 3791">
     <span class='ocr_line' id='line_1_42' title="bbox 223 3725 1302 3791; baseline -0.002 -13"><span class='ocrx_word' id='word_1_422' title='bbox 223 3729 263 3789; x_wconf 89' lang='lat' dir='ltr'><strong>to,</strong></span> <span class='ocrx_word' id='word_1_423' title='bbox 288 3727 313 3787; x_wconf 89' lang='grc'><strong>6,</strong></span> <span class='ocrx_word' id='word_1_424' title='bbox 335 3729 380 3784; x_wconf 86' lang='grc'><strong>11;</strong></span> <span class='ocrx_word' id='word_1_425' title='bbox 405 3729 448 3790; x_wconf 90' lang='grc'><strong>21,</strong></span> <span class='ocrx_word' id='word_1_426' title='bbox 467 3727 508 3789; x_wconf 84' lang='grc'><strong>39,</strong></span> <span class='ocrx_word' id='word_1_427' title='bbox 527 3727 551 3778; x_wconf 85' lang='grc'><strong>8.</strong></span> <span class='ocrx_word' id='word_1_428' title='bbox 569 3752 603 3762; x_wconf 90' lang='grc'>-</span> <span class='ocrx_word' id='word_1_429' title='bbox 615 3727 690 3791; x_wconf 75' lang='lat' dir='ltr'><strong>supa,</strong></span> <span class='ocrx_word' id='word_1_430' title='bbox 708 3740 728 3776; x_wconf 85' lang='lat' dir='ltr'><strong>s.</strong></span> <span class='ocrx_word' id='word_1_431' title='bbox 777 3743 879 3778; x_wconf 64' lang='lat' dir='ltr'><strong>omnum</strong></span> <span class='ocrx_word' id='word_1_432' title='bbox 894 3729 1018 3788; x_wconf 67' lang='grc'><strong>1616663,</strong></span> <span class='ocrx_word' id='word_1_433' title='bbox 1036 3725 1149 3789; x_wconf 85' lang='lat' dir='ltr'><strong>dagcgen</strong></span> <span class='ocrx_word' id='word_1_434' title='bbox 1165 3728 1187 3791; x_wconf 91' lang='lat'><strong>1,</strong></span> <span class='ocrx_word' id='word_1_435' title='bbox 1202 3727 1302 3788; x_wconf 76' lang='lat'>33,3·.</span> 
     </span>
    </p>
   </div>
   <div class='ocr_carea' id='block_1_9' title="bbox 220 3795 1298 3927">
    <p class='ocr_par' dir='ltr' id='par_1_17' title="bbox 220 3795 1298 3927">
     <span class='ocr_line' id='line_1_43' title="bbox 220 3795 1298 3858; baseline 0 -12"><span class='ocrx_word' id='word_1_436' title='bbox 220 3795 262 3857; x_wconf 89' lang='grc'><strong>21,</strong></span> <span class='ocrx_word' id='word_1_437' title='bbox 283 3797 325 3857; x_wconf 90' lang='grc'><strong>61,</strong></span> <span class='ocrx_word' id='word_1_438' title='bbox 343 3796 367 3846; x_wconf 91' lang='grc'><strong>2.</strong></span> <span class='ocrx_word' id='word_1_439' title='bbox 474 3843 476 3854; x_wconf 79' lang='grc'><strong>,</strong></span> <span class='ocrx_word' id='word_1_440' title='bbox 777 3797 880 3846; x_wconf 73' lang='lat' dir='ltr'><strong>bostium</strong></span> <span class='ocrx_word' id='word_1_441' title='bbox 897 3797 1072 3857; x_wconf 65' lang='lat' dir='ltr'><strong>respectum.</strong></span> <span class='ocrx_word' id='word_1_442' title='bbox 1094 3798 1227 3846; x_wconf 78' lang='lat' dir='ltr'><strong>-et&#39;etore</strong></span> <span class='ocrx_word' id='word_1_443' title='bbox 1245 3811 1298 3858; x_wconf 66' lang='lat' dir='ltr'><strong>aaa,</strong></span> 
     </span>
     <span class='ocr_line' id='line_1_44' title="bbox 255 3857 1297 3927; baseline 0.001 -12"><span class='ocrx_word' id='word_1_444' title='bbox 255 3857 308 3919; x_wconf 86' lang='grc'><strong>41.</strong></span> <span class='ocrx_word' id='word_1_445' title='bbox 331 3865 404 3916; x_wconf 89' lang='grc'><strong>1-4.</strong></span> <span class='ocrx_word' id='word_1_446' title='bbox 422 3871 560 3923; x_wconf 72' lang='lat' dir='ltr'><strong>outcome,</strong></span> <span class='ocrx_word' id='word_1_447' title='bbox 581 3861 631 3926; x_wconf 81' lang='lat' dir='ltr'><strong>rgl.</strong></span> <span class='ocrx_word' id='word_1_448' title='bbox 645 3863 669 3924; x_wconf 88' lang='grc'><strong>3,</strong></span> <span class='ocrx_word' id='word_1_449' title='bbox 685 3863 728 3927; x_wconf 80' lang='grc'><strong>38,</strong></span> <span class='ocrx_word' id='word_1_450' title='bbox 777 3863 834 3914; x_wconf 83' lang='lat' dir='ltr'><strong>bier</strong></span> <span class='ocrx_word' id='word_1_451' title='bbox 858 3864 906 3914; x_wconf 85' lang='lat' dir='ltr'><strong>ubl.</strong></span> <span class='ocrx_word' id='word_1_452' title='bbox 930 3864 1057 3927; x_wconf 84' lang='lat' dir='ltr'><strong>instrum,</strong></span> <span class='ocrx_word' id='word_1_453' title='bbox 1088 3877 1109 3912; x_wconf 91' lang='lat' dir='ltr'><strong>c.</strong></span> <span class='ocrx_word' id='word_1_454' title='bbox 1133 3864 1182 3926; x_wconf 92' lang='grc'><strong>42,</strong></span> <span class='ocrx_word' id='word_1_455' title='bbox 1211 3865 1238 3915; x_wconf 90' lang='grc'><strong>6.</strong></span> <span class='ocrx_word' id='word_1_456' title='bbox 1257 3891 1297 3900; x_wconf 84' lang='lat'><strong>-—</strong></span> 
     </span>
    </p>
   </div>
   <div class='ocr_carea' id='block_1_10' title="bbox 222 3931 1301 3996">
    <p class='ocr_par' dir='ltr' id='par_1_18' title="bbox 222 3931 1301 3996">
     <span class='ocr_line' id='line_1_45' title="bbox 222 3931 1301 3996; baseline 0 -13"><span class='ocrx_word' id='word_1_457' title='bbox 222 3932 252 3983; x_wconf 82' lang='lat'><strong>1:</strong></span> <span class='ocrx_word' id='word_1_458' title='bbox 271 3941 325 3983; x_wconf 80' lang='lat' dir='ltr'><strong>ante</strong></span> <span class='ocrx_word' id='word_1_459' title='bbox 336 3947 431 3995; x_wconf 74' lang='grc'><strong>666666,-</strong></span> <span class='ocrx_word' id='word_1_460' title='bbox 449 3933 472 3994; x_wconf 90' lang='grc'><strong>1,</strong></span> <span class='ocrx_word' id='word_1_461' title='bbox 484 3935 509 3996; x_wconf 88' lang='grc'><strong>4,</strong></span> <span class='ocrx_word' id='word_1_462' title='bbox 525 3932 554 3984; x_wconf 81' lang='lat'><strong>3:</strong></span> <span class='ocrx_word' id='word_1_463' title='bbox 571 3941 626 3984; x_wconf 78' lang='lat' dir='ltr'><strong>ante</strong></span> <span class='ocrx_word' id='word_1_464' title='bbox 637 3933 725 3983; x_wconf 66' lang='lat' dir='ltr'><strong>omnm,</strong></span> <span class='ocrx_word' id='word_1_465' title='bbox 777 3948 860 3996; x_wconf 66' lang='lat' dir='ltr'><strong>recep,</strong></span> <span class='ocrx_word' id='word_1_466' title='bbox 877 3948 896 3984; x_wconf 85' lang='lat' dir='ltr'><strong>s.</strong></span> <span class='ocrx_word' id='word_1_467' title='bbox 916 3935 940 3996; x_wconf 92' lang='grc'><strong>2,</strong></span> <span class='ocrx_word' id='word_1_468' title='bbox 960 3933 1000 3996; x_wconf 89' lang='grc'><strong>39,</strong></span> <span class='ocrx_word' id='word_1_469' title='bbox 1020 3934 1045 3996; x_wconf 88' lang='grc'><strong>4,</strong></span> <span class='ocrx_word' id='word_1_470' title='bbox 1062 3931 1152 3982; x_wconf 87' lang='lat' dir='ltr'><strong>enders</strong></span> <span class='ocrx_word' id='word_1_471' title='bbox 1171 3945 1193 3981; x_wconf 89' lang='grc'><strong>6.</strong></span> <span class='ocrx_word' id='word_1_472' title='bbox 1212 3933 1255 3996; x_wconf 92' lang='grc'><strong>11,</strong></span> <span class='ocrx_word' id='word_1_473' title='bbox 1268 3935 1301 3984; x_wconf 88' lang='grc'><strong>1.</strong></span> 
     </span>
    </p>
   </div>
   <div class='ocr_carea' id='block_1_11' title="bbox 0 0 1412 4526">
    <p class='ocr_par' dir='ltr' id='par_1_19' title="bbox 0 0 1412 4526">
     <span class='ocr_line' id='line_1_46' title="bbox 0 0 1412 4526; baseline 0 0"><span class='ocrx_word' id='word_1_474' title='bbox 0 0 1412 4526; x_wconf 95' lang='lat' dir='ltr'><strong> </strong></span> 
     </span>
    </p>
   </div>
  </div>
 </body>
</html>
