2814 4526
194 285 256 350 388
541 281 635 358 LIBER
653 283 748 334 XXHl.
774 283 846 338 CAP.
866 287 906 338 49.
1146 295 1166 324 ι.
1181 294 1203 324 u.
1217 283 1267 325 tes.

193 441 257 502 bale
279 459 312 501 ao
332 441 453 520 Magone
475 445 503 499 et
519 437 681 499 Hannibale
694 439 863 500 Bomilcaris
879 439 937 500 tilio
954 438 992 500 ob
1009 440 1203 501 defectionem
1224 442 1262 501 ad

164 537 180 586 6
195 530 343 600 Romanos
359 523 592 604 oppugnabatur.
622 524 698 584 inter
713 525 784 586 lraeo
801 526 877 586 trina
891 533 983 586 castra
1000 526 1129 586 bostium
1144 527 1262 604 Scipio·

196 632 248 674 nes
265 631 333 674 cum
348 612 379 672 in
393 610 498 670 rubern
513 611 663 670 sociorum
681 628 786 689 magno
804 612 962 672 certamine
970 629 1004 671 ao
1012 619 1106 690 strage
1115 611 1262 672 obsisten-

196 700 269 760 tium
292 695 508 776 pervenissent,
531 697 730 768 trumentum,
753 697 837 756 euius
858 695 958 775 inopia
981 705 1050 767 erat,
1071 697 1264 767 advexerunt,

166 795 180 842 t
196 783 397 860 cohortatique
413 779 584 859 oppidanos,
600 792 633 841 ut
648 781 752 840 eodem
766 781 864 842 animo
880 781 996 843 moenia
1010 790 1184 854 tutarentur,
1200 801 1263 861 quo

196 889 250 950 pro
267 887 298 928 se
315 873 493 946 pugnantem
509 867 677 928 Romanum
691 867 851 929 exercitum
865 867 1013 939 vidissent,
1035 867 1071 927 ad
1089 875 1181 928 castra
1198 886 1263 928 rna-

168 955 274 1014 trima
289 951 494 1032 oppugnanda,
510 951 618 1029 quibus
635 951 798 1012 Hasdrubal
812 960 951 1030 praeerat,
965 952 1086 1013 ducunt.
1114 953 1220 1012 eodem
1235 960 1266 1013 et

197 1041 257 1100 dno
280 1039 369 1098 duces
391 1045 419 1098 et
434 1036 492 1097 duo
510 1037 655 1097 exereitus
670 1036 959 1116 Carthaginiensium,
980 1037 1020 1098 ibi
1035 1055 1099 1097 rem
1115 1055 1266 1098 summam

168 1133 183 1182 9
197 1126 242 1203 agi
258 1131 419 1193 nannenten,
435 1130 646 1182 convenerunt.
668 1123 764 1199 itaque
780 1123 933 1201 eruptione
950 1142 966 1182 e
983 1123 1084 1184 caenis
1099 1131 1266 1202 pugnaturn

198 1219 249 1270 est.
279 1209 426 1287 sexaginta
448 1207 576 1266 hostium
598 1207 676 1267 milia
697 1225 731 1266 eo
754 1207 801 1268 die
823 1208 853 1267 iu
870 1226 968 1286 pugna
985 1211 1114 1281 fuerunt,
1136 1207 1266 1268 sederim

153 1313 184 1363 10
198 1297 274 1356 circa
289 1317 308 1354 u
323 1292 472 1354 Romanis.
499 1303 597 1366 tamen
616 1291 688 1352 adeo
703 1293 781 1352 haud
797 1291 883 1352 dubia
899 1291 1017 1352 viatoria
1033 1293 1096 1364 fuit,
1119 1302 1151 1352 ut
1163 1294 1267 1372 plures

198 1398 333 1452 nurnero,
362 1395 450 1456 quarn
466 1377 522 1454 ipsi
537 1386 627 1450 erant,
646 1377 771 1439 Honrani
790 1379 920 1438 hostium
942 1377 1110 1451 occiderint,
1133 1378 1268 1456 ceperint

154 1485 183 1535 11
199 1464 323 1542 aurpHus
339 1463 392 1523 tria
408 1461 485 1521 rnilia
502 1461 667 1533 hominurn,
682 1463 779 1540 paullo
797 1463 895 1524 minus
913 1463 989 1523 mille
997 1481 1151 1542 equorum,
1166 1464 1265 1524 unde·

199 1549 345 1627 sexaginta
355 1546 486 1608 militaria
501 1547 592 1625 signa,
614 1555 726 1624 septern
744 1547 922 1626 elephantos,
944 1548 1076 1627 quinque
1098 1548 1129 1607 in
1151 1549 1266 1626 proelio

155 1651 185 1700 12
199 1634 319 1705 oooisis3
341 1633 484 1709 trinisque
501 1651 536 1692 eo
554 1632 601 1692 die
619 1633 718 1693 castris
732 1633 815 1711 potiti
831 1640 909 1693 suut.
932 1633 1043 1712 Iliturgi
1061 1632 1214 1693 obsidione
1228 1633 1267 1693 li-

199 1719 298 1780 berato
314 1718 349 1778 ad
365 1716 472 1778 Intibili
490 1718 721 1796 oppugnandum
730 1718 834 1778 Punici
850 1719 994 1778 exereitus
1010 1718 1265 1798 traductisupple·

200 1805 235 1865 tis
252 1805 343 1882 oopfis
359 1822 394 1863 ex
408 1803 567 1881 provincia,
584 1810 617 1863 ut
631 1804 839 1880 quaemaxime
854 1803 997 1876 omnium,
1012 1803 1078 1864 belli
1093 1804 1184 1876 avida,
1198 1821 1269 1863 rno-

155 1903 186 1954 13
201 1891 239 1952 do
255 1889 362 1968 praeda
377 1897 426 1948 aut
442 1906 555 1948 meroes
571 1896 655 1960 esset,
670 1896 698 1947 et
710 1895 774 1947 turn
787 1889 937 1948 iuventute
953 1887 1127 1949 abundante.
1157 1890 1268 1950 iterum

201 1975 290 2054 signis
311 1973 431 2034 cordatis
449 1973 550 2034 eadem
565 1974 684 2033 fortuna
698 1974 851 2050 utriusque
865 1974 955 2051 partis
978 1983 1149 2052 pugnaturn.
1177 1993 1269 2052 supra

200 2060 341 2122 tredeoinr
364 2059 440 2120 milia
460 2058 589 2132 bostium
612 2076 702 2130 caesa,
724 2075 813 2136 supra
829 2058 888 2118 duo
903 2065 984 2137 oapta
1001 2077 1069 2118 curn
1085 2059 1174 2136 signis
1190 2059 1270 2118 duo·

157 2150 188 2199 14
201 2146 257 2206 bus
280 2155 307 2206 et
329 2145 518 2224 quadraginta
533 2151 562 2204 et
576 2161 683 2203 noveru
698 2143 866 2222 elephantis.
891 2150 953 2204 turn
967 2162 1037 2204 vero
1054 2161 1157 2203 ornnes
1174 2161 1272 2222 prope

202 2231 356 2308 Hispaniae
378 2230 480 2307 populi
501 2229 535 2288 ad
551 2229 701 2288 Romanos
724 2228 903 2301 defecerunt,
927 2229 1077 2307 multoque
1095 2229 1220 2289 maiores
1237 2247 1271 2289 ea

203 2323 307 2376 aestate
329 2315 360 2374 in
383 2315 520 2392 Hispania
542 2331 631 2391 quarn
652 2313 683 2373 in
705 2313 784 2373 Italia
805 2332 853 2375 res
877 2322 980 2392 gestae.

203 2431 307 2494 Gebieto
337 2431 381 2480 der
412 2429 544 2490 Oretanos,
579 2428 648 2478 nieht
665 2429 709 2479 das
799 2433 906 2483 11-14,
924 2433 1070 2494 elephantos,
1097 2431 1129 2480 dn
1153 2431 1192 2481 die
1213 2431 1270 2481 Hss.

202 2499 298 2550 siidlioh
320 2498 346 2547 in
361 2499 416 2548 dem
436 2500 479 2549 dor
497 2497 592 2548 bastuli
616 2499 658 2560 [so
676 2498 710 2547 ist
761 2515 808 2548 nur
825 2503 929 2564 signavit
945 2503 1075 2560 adnatantes
1092 2499 1181 2562 baben,
1200 2499 1269 2549 kann

203 2569 228 2618 in
258 2569 302 2617 der
322 2565 480 2630 Humerlrung
503 2583 534 2617 zu
562 2567 606 2616 der
631 2566 709 2616 Stella
761 2567 788 2616 L.
807 2569 871 2618 auch
889 2571 966 2633 sigua,
989 2569 1119 2630 elephantis
1136 2585 1159 2632 q.
1178 2595 1212 2604 —-
1230 2587 1270 2618 οι-

202 2654 234 2688 zu
265 2638 348 2698 lesen]
378 2637 495 2700 gelegono
523 2634 637 2685 Mentesa
667 2649 709 2699 ge·
760 2640 817 2687 erbis
833 2636 995 2702 gesobriehen
1014 2637 1148 2687 baben-
1161 2640 1272 2703 literato,

202 2707 279 2757 insint
309 2705 356 2770 ist,
392 2721 411 2754 s.
442 2703 501 2755 CH»
532 2702 562 2754 H.
594 2719 616 2770 p.
647 2705 710 2766 297,
760 2705 820 2754 weil
837 2707 931 2756 Intibili
953 2705 1003 2754 wia
1023 2703 1158 2770 Ilituryi§
1183 2707 1198 2758 5
1224 2704 1269 2754 In-

204 2779 267 2841 4343
293 2791 313 2826 s.
339 2773 432 2825 becker
456 2772 622 2824 Vorarboiten
653 2771 709 2824 931.
761 2773 911 2824 declinabile
929 2773 978 2838 ist,
996 2790 1015 2822 s.
1034 2776 1080 2838 21,
1098 2776 1144 2836 24,
1165 2775 1193 2837 13
1222 2775 1270 2825 dus

206 2871 238 2880 -
256 2847 371 2908 Magone,
389 2858 409 2894 c.
431 2845 478 2902 32,
506 2845 544 2894 12.
566 2867 599 2877 -
617 2845 710 2892 Bomil-
761 2841 829 2906 Sutj.
849 2841 1050 2906 derTha'tigkeit
1066 2842 1121 2892 sind
1138 2841 1210 2892 nieht
1228 2842 1272 2894 die

205 2931 262 2974 oar,
281 2929 321 2962 um
333 2912 417 2962 diesen
428 2912 506 2961 Hann.
519 2927 569 2960 ron
581 2910 636 2960 dem
648 2911 710 2960 bar·
761 2909 859 2976 Punier,
880 2927 898 2960 s.
912 2913 953 2976 21,
974 2915 997 2972 5,
1016 2913 1044 2979 4,
1067 2914 1108 2975 19,
1127 2914 1168 2970 54,
1183 2913 1221 2964 13.
1232 2939 1270 2949 -·

205 2981 274 3030 einer
299 2997 331 3030 zu
359 2980 554 3030 nutersoheideu.
578 3007 612 3016 —
638 2983 708 3042 inter,
760 2982 848 3045 Intib,
872 2979 959 3029 Front.
978 2979 1027 3029 Str.
1050 2981 1079 3044 2,
1105 2981 1134 3042 3,
1155 2983 1181 3045 1,
1200 2981 1271 3031 kann

167 3083 168 3088 ,
206 3049 330 3099 zwisoben
348 3049 477 3099 durab-
494 3053 567 3112 traua,
585 3050 609 3112 5,
627 3049 650 3111 2,
672 3049 710 3099 10.
761 3050 824 3098 naoh
857 3049 911 3098 dem
937 3047 1164 3112 Zusummoubango
1198 3048 1273 3098 niobt

206 3142 235 3156 ·-
249 3121 304 3180 duo,
324 3131 344 3165 s.
363 3131 383 3166 o.
408 3119 446 3181 11,
457 3119 481 3169 9.
499 3143 529 3152 —
549 3131 600 3166 ιιιιι
617 3131 710 3178 surum,
762 3116 822 3167 weit
848 3132 898 3165 von
922 3115 1021 3180 Hiturgi
1044 3117 1148 3180 gelegen
1173 3117 1272 3180 habon3

205 3187 263 3234 dass
281 3200 307 3235 os
320 3183 376 3234 bier
386 3201 432 3246 zur
442 3183 627 3248 llntseboidung
640 3184 710 3233 lorn-
760 3185 816 3235 eine
831 3185 925 3234 andere
938 3185 1012 3235 Stadt
1024 3185 1067 3236 des
1081 3184 1188 3236 Nameus
1203 3186 1272 3236 wind

206 3269 260 3303 meu
290 3253 386 3317 werde,
419 3253 458 3304 dio
484 3254 641 3318 Hauptsaohe
668 3251 714 3302 aul
761 3254 786 3302 in
807 3253 851 3302 der
859 3251 938 3314 1Νὲί1ιιι
957 3269 1006 3302 von
1018 3255 1125 3304 Dertosa
1142 3255 1273 3322 orwiilrut,

206 3324 260 3373 dem
277 3321 360 3388 Spiolo
383 3324 467 3385 stebo3
493 3339 532 3372 ιιι
556 3339 617 3374 rum.
633 3321 668 3370 ist
685 3320 710 3369 iu
761 3321 839 3373 Ukert
864 3324 893 3386 2,
923 3324 950 3386 1,
982 3325 1039 3374 416.
1058 3347 1091 3357 -
1111 3333 1219 3386 atquae
1236 3341 1269 3374 m.

206 3393 251 3441 der
277 3390 364 3442 Woise
388 3390 436 3440 wie
453 3407 546 3440 aramma
562 3393 712 3452 respublica
761 3407 833 3454 omn,
847 3390 1272 3456 verkiirzterVergleiohuugssatz,

206 3459 350 3524 gebruuebt,
369 3464 437 3508 soust
452 3459 486 3508 ist
497 3477 588 3510 summa
599 3463 637 3510 rei
650 3459 711 3508 oder
761 3476 780 3509 s.
803 3463 833 3524 1,
861 3461 908 3522 33,
936 3462 965 3510 5:
992 3463 1127 3524 proelium,
1154 3471 1181 3510 ut
1204 3467 1276 3525 quod

205 3545 287 3578 ιιιιιιιι
313 3527 506 3591 gewbhnlicber.
530 3555 563 3566 ω-
593 3532 657 3580 eirea
685 3527 710 3576 in
761 3532 1274 3591 maximumquamfflari-*comma'asum5

207 3597 261 3646 dom
278 3595 352 3646 Sinne
375 3612 424 3644 ron
447 3599 541 3647 ezraita·
563 3597 639 3646 findet
657 3595 711 3646 sich
762 3601 786 3662 5,
806 3600 852 3659 25,
874 3599 901 3649 9:
931 3605 1002 3661 prata
1027 3614 1053 3648 ea
1077 3615 1129 3661 res,
1154 3607 1182 3648 ut
1206 3616 1274 3662 quae

205 3664 339 3728 einigomal
356 3664 444 3727 tait,
466 3681 485 3714 s.
499 3667 539 3727 21,
560 3669 601 3729 42,
621 3668 649 3728 83
667 3667 709 3728 45,
760 3670 862 3716 maxiano
885 3669 991 3716 omnium
1008 3666 1080 3728 βαίη
1106 3664 1171 3716 Gell.
1188 3669 1204 3719 6
1223 3667 1272 3732 (1),

202 3737 254 3794 at,
283 3735 312 3798 63
338 3747 369 3782 an
392 3750 416 3784 u.
442 3732 479 3784 St.
504 3733 538 3784 ist
562 3733 601 3784 dio
624 3731 709 3783 Naoh-
761 3737 791 3797 3,
807 3737 851 3796 39,
882 3733 932 3783 Cic.
951 3732 1014 3783 Phil.
1036 3737 1064 3798 5,
1086 3736 1130 3798 19,
1151 3736 1197 3800 533
1224 3751 1275 3786 zur

207 3806 312 3864 setzung
344 3817 392 3850 von
418 3806 483 3852 ιίιια
511 3802 707 3866 ungewbhnlioh,
760 3802 879 3876 Saobffis.
899 3803 939 3866 24,
958 3805 1000 3865 42,
1019 3805 1043 3854 6.
1059 3827 1094 3838 -
1107 3820 1195 3866 οιιιιιιι,
1215 3805 1272 3868 vgl.

207 3869 258 3933 rgl.
273 3869 364 3934 jadooh
382 3887 402 3920 c.
424 3873 470 3934 46,
495 3873 523 3922 9:
545 3874 657 3932 propius.
677 3897 710 3905 -
761 3888 780 3922 o.
800 3875 841 3940 29,
863 3873 901 3924 16.

204 3957 222 3988 ιι
239 3940 363 3999 Romanis,
380 3955 399 3988 s.
416 3942 457 4000 21,
479 3941 516 4000 14,
536 3943 558 3990 5.

530 4058 947 4068 Ἣ.-
