2790 4524
147 271 166 301 6
180 259 220 300 ci.
234 257 281 300 66.
509 258 605 310 menn
622 257 706 310 xxu.
731 257 801 310 cnr.
819 263 860 314 oo.
1156 263 1220 327 279

150 431 239 494 quam
261 432 315 492 per
336 414 467 475 hostium
490 414 546 474 luit
569 415 795 492 erumpendum.
820 414 875 476 hos
890 415 966 475 cives
988 416 1079 494 patria
1100 416 1217 478 deside·
1232 441 1262 492 18

147 496 216 560 ret?
244 517 375 578 quorum
397 498 421 559 si
444 499 532 559 ceteri
553 499 662 560 similes
683 499 833 572 fuisssent,
854 500 1003 562 neminem
1020 501 1107 561 hodie
1121 521 1157 562 ex
1172 503 1216 576 iis,

148 585 200 664 qui
222 584 259 644 ad
280 585 395 644 Cannas
416 593 630 662 pugnaverunt,
652 583 746 644 civem
764 585 892 645 haberet.
919 582 957 646 'ex
971 585 1089 646 milibus
1105 595 1216 665 septem
1233 607 1263 658 19

148 678 328 730 armatorum
350 669 476 729 sescenti
498 669 663 741 extiterunt,
686 669 738 748 qui
761 687 918 748 erumpere
940 669 1091 744 auderent,
1114 672 1165 749 qui
1187 672 1217 731 in

148 753 271 834 patriam
289 753 373 814 liberi
395 762 481 831 atque
496 755 599 814 armati
613 754 752 826 redirent,
772 772 870 832 neque
885 755 930 814 his
947 757 1086 816 sescentis
1103 757 1217 818 161661-

146 839 184 900 lia
206 839 337 899 bostium
360 837 511 899 obstitere:
534 857 623 917 quem
637 847 735 899 tutum
748 839 803 900 iter
820 840 945 900 duarum
961 858 1055 919 prope
1068 841 1218 918 legionum
1232 850 1265 900 20

148 924 258 1003 agmini
286 925 420 984 futurum
442 924 567 984 censetis
588 921 703 984 luisse?
743 924 887 986 haberetis
909 924 997 985 hodie
1017 925 1118 1004 viginti
1140 927 1219 987 milia

148 1017 332 1070 armatorum
346 1009 463 1069 Canusii
484 1009 570 1068 fortia
594 1009 698 1082 fidelia,
718 1017 815 1086 patres
832 1010 1000 1088 conscripti.
1024 1029 1105 1070 nune
1120 1019 1218 1071 autern

147 1112 238 1172 quem
261 1094 296 1154 ad
313 1094 436 1154 modum
457 1093 487 1152 hi
501 1093 573 1154 boni
587 1094 746 1172 fidelesque
760 1129 802 1138 -
816 1112 885 1154 nam
909 1098 1000 1156 l'ortes
1020 1113 1058 1155 ne
1079 1095 1135 1174 ipsi
1150 1097 1217 1173 qui-

147 1180 217 1240 dem
239 1179 422 1238 dixerint-
438 1179 515 1239 61666
538 1197 602 1239 6666
624 1176 773 1257 possunt?
809 1180 865 1240 nisi
888 1180 954 1257 quis
978 1180 1098 1240 eredere
1122 1183 1262 1259 66166121

146 1265 240 1324 161666
255 1263 323 1324 6661
341 1263 573 1341 erumpentibus,
597 1264 657 1340 qui,
679 1282 718 1324 ne
740 1274 938 1342 erumperent,
960 1265 1101 1327 obsistere
1122 1267 1217 1326 eonati

146 1356 227 1421 sunt,
248 1357 298 1408 aut
311 1367 373 1408 non
388 1348 520 1409 invidere
535 1367 585 1408 eos
600 1367 670 1408 eum
685 1349 878 1410 incolumitati
892 1357 957 1413 tum
973 1350 1081 1428 gloriae
1096 1349 1216 1411 illorum

146 1451 202 1512 per
224 1433 361 1493 virtutem
383 1440 497 1511 partae,
520 1451 589 1493 oum
612 1433 667 1494 sibi
688 1434 824 1494 timorem
843 1435 1048 1514 ignaviamque
1070 1436 1217 1496 servitutis

144 1518 358 1597 ignominiosae
381 1535 498 1579 eausam
521 1537 585 1578 esse
606 1520 707 1583 sciant.
740 1519 907 1580 maluerunt
927 1520 958 1579 in
976 1520 1108 1581 tentoriis
1123 1521 1216 1581 laten·
1230 1522 1262 1573 22

145 1611 191 1664 tes
221 1603 308 1663 eimrd
328 1603 424 1663 luoem
447 1613 535 1682 etque
558 1603 675 1664 bostem
693 1613 862 1683 expectare,
894 1623 964 1664 oum
985 1605 1099 1665 silentio
1123 1606 1217 1666 noetis

144 1687 322 1766 erumpendi
345 1689 458 1748 oeeasio
482 1695 567 1748 esset.
611 1697 644 1749 ot
664 1689 700 1748 ad
723 1689 942 1766 erumpendum
964 1709 979 1748 e
999 1690 1101 1750 eastris
1124 1689 1217 1750 defuit

143 1773 273 1845 animus,
296 1773 331 1832 ad
354 1773 474 1833 tutanda
489 1773 603 1833 fortiter
619 1782 711 1834 eastra
727 1774 859 1834 animum
876 1773 1059 1845 babuerunt3
1082 1773 1143 1833 dies
1158 1793 1215 1833 no·
1229 1777 1262 1828 23

144 1865 267 1936 otesque
289 1856 400 1936 aliquot
421 1857 534 1918 obsessi
557 1858 665 1918 vallum
687 1859 786 1932 ermis,
811 1877 842 1918 se
864 1858 920 1936 ipsi
942 1859 1025 1918 tutati
1040 1859 1113 1917 vallo
1131 1867 1215 1930 sunt;

143 1943 264 2003 tandem
287 1942 387 2002 ultima
402 1943 466 2003 ausi
482 1942 629 2021 passique,
652 1961 721 2003 oum
737 1943 835 2002 omnia
850 1941 978 2003 subsidia
993 1943 1067 2002 vitae
1082 1942 1217 2003 deessent

143 2027 327 2106 adfectisque
349 2030 428 2090 same
442 2027 554 2088 viribus
569 2046 650 2088 arma
665 2028 723 2088 iem
738 2028 888 2098 sustinere,
899 2027 1063 2104 nequirent,
1086 2028 1215 2087 necessi-

143 2112 253 2172 tatibus
284 2111 374 2191 magis
397 2113 534 2172 humanis
557 2131 646 2190 qnam
669 2112 757 2173 armis
780 2113 847 2174 vieti
868 2120 945 2173 sunt.
989 2119 1054 2172 orto
1077 2112 1138 2172 sole
1161 2111 1215 2188 [ab]
1230 2111 1263 2161 24

142 2197 238 2258 hostis
261 2197 296 2257 ad
317 2197 425 2258 vallum
442 2198 578 2270 secessim
601 2206 667 2257 ante
682 2197 842 2260 secundam
856 2198 970 2270 horam,
992 2197 1101 2258 nnllam
1118 2199 1215 2257 fortu-

182 2400 290 2450 18-21.
309 2403 445 2460 stampensi.
456 2401 499 2464 f.,
519 2399 555 2450 sie
574 2413 654 2448 66666-
705 2399 784 2450 selbst
803 2416 828 2449 u.
846 2413 865 2449 6.
884 2412 916 2446 w.
929 2423 962 2432 -
978 2401 1216 2450 6166661666,-

142 2472 188 2516 ten
204 2465 654 2531 6161116161616666166116366.-
705 2471 769 2531 nbi,
794 2484 812 2520 s.
831 2483 852 2517 e.
872 2468 918 2530 59,
948 2467 1216 2533 16.-66666666,

140 2545 230 2597 septem
252 2553 299 2597 m.,
326 2535 352 2585 16
371 2536 425 2586 dem
443 2535 543 2586 kleinen
562 2535 654 2599 Lager,
706 2537 738 2586 de
767 2535 807 2586 die
836 2534 890 2585 Hss.
911 2537 995 2599 sotere
1020 2546 1049 2587 ot
1066 2536 1161 2601 16166,
1187 2553 1215 2586 66
1312 2557 1314 2566 ι

142 2619 164 2653 6.
183 2619 204 2654 e.
224 2607 264 2670 60,
285 2605 329 2668 113
349 2607 389 2668 52,
412 2608 470 2658 4.-
499 2621 607 2670 quorum
624 2608 654 2668 ei,
705 2606 773 2655 kann
794 2605 857 2654 6661
876 2601 1051 2666 eiuAdjeetiv
1070 2604 1094 2654 in
1113 2614 1141 2654 ut
1155 2605 1216 2654 oder

141 2671 196 2736 s.§
215 2675 243 2725 8:
270 2689 341 2738 quen
359 2677 396 2734 ei,·
424 2675 472 2737 21,
495 2674 542 2734 43,
563 2675 603 2724 16.
620 2699 655 2708 -
698 2671 932 2739 suiseeverdorben
944 2671 1013 2734 sein,
1028 2671 1131 2736 Madvig
1143 2671 1214 2722 liest:
1320 2717 1321 2720 ,
1393 2659 1394 2666 ¹

141 2745 305 2792 uescentium
324 2744 437 2804 661666,
455 2742 499 2805 vgl
527 2744 550 2804 t,
570 2743 611 2802 35,
630 2743 654 2792 6.
705 2745 851 2808 outfaoieae
864 2744 1053 2801 armamentibrm
1071 2741 1134 2790 doeh
1148 2740 1214 2790 kann

141 2825 266 2874 -neque
282 2811 361 2861 11-
382 2827 457 2876 quam
474 2820 488 2860 t.
504 2815 561 2871 ete,
580 2809 668 2858 nueh·v
706 2809 750 2859 das
769 2808 829 2872 folg.
847 2817 890 2858 out
906 2807 1042 2859 bedenten:
1069 2809 1129 2858 oder
1147 2809 1213 2858 viel-

142 2877 304 2928 driicklieher
338 2877 376 2928 als
411 2878 451 2928 die
481 2876 654 2941 gewbhnlieho
705 2879 783 2940 mehr,
803 2893 823 2926 s.
847 2878 875 2938 1,
895 2878 936 2939 50,
955 2879 983 2928 5:
1002 2887 1044 2927 666
1060 2881 1084 2926 ei
1099 2879 1216 2928 creditum

141 2945 232 2996 Form:
251 2964 304 2998 eom
315 2963 408 2996 —non
427 2948 567 3008 obsederint,
580 2949 654 2996 multo
705 2953 753 2998 ete.
765 2973 794 2982 -
809 2949 856 3010 qui
870 2961 914 2995 ne:
928 2944 973 3007 sie,
993 2945 1046 3007 die,
1064 2942 1138 2994 deliir
1150 2944 1215 2994 wird

141 3017 232 3077 661666,
256 3016 308 3079 vgl.
334 3013 417 3080 §143
446 3031 466 3064 6.
486 3018 532 3074 59,
564 3016 602 3066 16.
621 3041 654 3050 -
705 3011 1214 3079 366616116166163616666,6116161.

142 3087 250 3134 64666666
264 3101 342 3146 prope
359 3087 385 3148 1.,
408 3090 488 3133 etwas
507 3083 569 3132 iiber
588 3085 654 3136 8000
705 3084 770 3133 llisst
793 3082 873 3132 dieses
898 3083 962 3131 6661
985 3081 1146 3132 Ansdriieken
1165 3081 1213 3132 wie

143 3150 228 3202 11666.
243 3155 366 3217 -fortia
376 3155 412 3218 f,
432 3154 474 3213 21,
493 3155 534 3216 44,
555 3152 583 3203 2:
604 3167 654 3201 von
706 3155 817 3203 obsistere
842 3167 865 3200 ιι.
890 3150 913 3199 d.
938 3150 1008 3200 nieht
1025 3150 1104 3200 leicht
1122 3148 1213 3214 folgen,

142 3220 224 3270 denen
237 3219 291 3270 sieb
304 3226 430 3270 erwarten
444 3219 528 3282 liesse,
549 3219 605 3270 dass
618 3220 654 3270 sio
704 3236 778 3271 wenn
801 3219 838 3270 sie
862 3217 932 3267 nieht
958 3219 1013 3270 eine
1032 3218 1157 3283 Negation
1174 3219 1216 3268 bei

144 3287 249 3337 -sein
262 3289 374 3352 minden,
391 3287 426 3338 ist
439 3285 603 3351 binzugebigt
613 3303 655 3337 um
705 3289 760 3339 sieb
774 3288 862 3345 16166,
881 3287 1002 3338 wilbrand
1020 3303 1047 3337 es
1065 3288 1129 3337 auch
1150 3289 1214 3336 ohne

143 3355 344 3421 denGegensatz
360 3355 495 3407 mitnuno:
509 3355 653 3420 jotztaber,
705 3357 773 3407 diese
791 3352 908 3406 161Τ66.
926 3355 990 3405 Α66.
1014 3359 1057 3416 14,
1077 3357 1126 3415 29,·
1154 3357 1214 3405 Bell.

144 3425 264 3475 naebdem
288 3425 324 3476 sio
350 3426 396 3476 den
416 3425 509 3475 Frevel
526 3424 654 3489 begangen
705 3425 778 3475 Alex.
789 3428 812 3484 1,
833 3426 860 3484 13
878 3423 939 3474 Bell.
950 3423 1004 3475 Alr.
1020 3427 1062 3485 61,
1080 3427 1091 3475 1
1107 3422 1214 3474 aintritt.

143 3492 235 3555 16166,
253 3491 441 3559 66661616166,
465 3509 495 3542 zu
513 3497 580 3543 mito
590 3496 654 3558 for·
739 3495 849 3545 22-24.
881 3490 938 3542 lbre
962 3491 1077 3556 Feigbeit
1101 3490 1142 3541 bei
1169 3492 1214 3540 der

142 3563 178 3610 tia
190 3563 227 3624 f.,
245 3563 295 3626 vgl.
309 3564 350 3623 21,
371 3565 411 3624 55,
430 3565 464 3624 43
487 3564 526 3623 10,
546 3564 587 3627 46,
608 3563 653 3624 12;
705 3560 851 3624 Uoborgabe
875 3561 918 3610 des
944 3560 1038 3624 Lagers
1062 3560 1126 3609 liisst
1145 3559 1215 3608 nicht

142 3632 186 3690 lo,
208 3633 229 3690 1,
249 3633 276 3682 7:
292 3640 407 3694 quattuor
420 3634 490 3680 milio
502 3633 611 3691 paduam
622 3656 653 3669 -
705 3630 804 3691 boden,
824 3629 881 3678 dass
899 3629 937 3678 sie
957 3629 983 3677 in
1003 3626 1114 3677 Zukunlt
1132 3625 1215 3692 tupler

142 3700 217 3748 666616·
229 3703 311 3758 tesam
328 3701 370 3763 42,
388 3701 428 3761 11,
448 3701 501 3749 36.
515 3713 537 3748 e.
553 3725 585 3735 —
597 3715 654 3748 nam
704 3699 757 3750 6616
778 3698 928 3747 werden—
947 3707 980 3757 at,
999 3712 1018 3746 s.
1036 3695 1087 3744 Cio.
1105 3694 1169 3745 Phil.
1189 3699 1213 3759 2,

132 3769 220 3831 fortes
238 3773 299 3817 ete:
318 3767 360 3815 ieb
380 3767 444 3816 1616
460 3770 654 3832 bonifideleeque
705 3770 730 3829 6,
746 3769 789 3819 146
807 3776 832 3816 at
843 3770 876 3816 od
889 3782 950 3830 quoe
964 3767 1054 3830 resera
1068 3763 1121 3814 Dei.
1136 3766 1160 3827 6,
1174 3766 1213 3823 16,

142 3841 246 3898 gesagt,
268 3835 338 3884 nieht
354 3834 404 3885 wie
422 3835 581 3898 gewdbnliob
592 3837 653 3900 sor·
705 3835 765 3885 oder
792 3844 817 3884 at
841 3838 904 3884 enim
929 3834 963 3884 ist
986 3832 1148 3896 notbwondig
1174 3847 1213 3880 um

141 3907 288 3969 infideles,
306 3919 327 3957 s,
350 3906 397 3968 21,
415 3906 463 3969 44,
482 3905 512 3967 2,
538 3903 598 3953 weil
615 3903 652 3953 616
704 3908 739 3955 ad
760 3907 931 3965 erumpendum
959 3929 992 3938 —
1017 3905 1074 3952 etati
1095 3912 1152 3952 sunt
1175 3900 1213 3949 als
