2814 4526
184 289 246 364 308
542 287 637 338 unna
653 287 749 338 xxur.
774 287 843 338 cnr.
864 291 903 342 12.
1137 286 1260 327 esea.

128 440 388 506 minmortalibus
409 441 455 520 agi
477 441 646 521 haberique.
682 442 726 502 hd
742 441 833 502 tidem
850 441 955 500 deinde
969 450 1029 501 tam
1041 441 1186 502 laetarum
1207 461 1262 502 re·

185 547 254 588 rum
270 526 382 588 ellundi
403 527 434 586 in
456 526 600 587 vestibulo
622 527 719 587 curiae
741 527 827 587 iussit
840 527 944 586 anulos
956 545 1073 598 aureos,
1092 527 1145 603 qui
1160 534 1262 587 tantus

185 631 307 673 acervus
323 612 388 684 fuit,
402 619 437 671 ut
451 611 638 672 metientibus
653 611 806 672 dimidium
821 629 911 689 super
927 611 979 670 tris
993 611 1110 672 modios
1125 613 1265 688 explesse

155 697 247 758 taint
267 696 387 775 quidam
405 703 549 756 auctores.
580 698 656 756 lama
672 697 774 767 tenuit,
790 713 865 773 quae
881 696 1005 773 propior
1018 713 1089 755 vero
1105 703 1158 768 est,
1181 696 1263 756 haud

184 782 252 860 plus
274 781 366 842 luisse
385 781 493 841 modio.
520 780 624 841 adiecit
643 780 748 840 deinde
763 779 870 852 verbis,
891 797 951 857 quo
968 780 1088 840 maioris
1103 779 1195 840 cladis
1209 780 1264 840 in·

185 865 296 928 dicium
317 874 401 938 esset,
423 865 574 926 neminem
592 864 649 926 nisi
663 865 801 942 equitem,
822 873 909 943 atque
924 882 1029 924 eorum
1043 865 1181 942 ipsorum
1196 865 1262 942 pri-

156 967 299 1023 3616666,
317 950 347 1010 10
369 969 469 1028 gerere
488 951 612 1025 insigne.
656 968 773 1010 summa
795 951 851 1010 luit
872 949 1029 1022 orationis,
1052 967 1112 1027 quo
1133 949 1262 1027 propius

184 1054 269 1114 spem
289 1035 357 1096 belli
375 1035 545 1112 perficiendi
564 1035 610 1108 sit,
632 1053 667 1094 eo
691 1035 781 1112 magis
796 1035 878 1095 omni
893 1053 949 1113 ope
963 1034 1127 1094 iuvandum
1143 1033 1264 1094 Hauni—

184 1119 278 1180 balem
302 1139 381 1180 esse:
403 1119 508 1198 procul
530 1120 608 1180 enim
630 1118 667 1179 ab
689 1119 779 1179 domo
802 1119 932 1179 militiam
949 1137 1022 1192 esse,
1043 1119 1075 1178 in
1090 1119 1187 1178 media
1201 1119 1264 1179 ho·

155 1221 171 1270 4
185 1205 273 1266 stium
290 1212 384 1276 terra,
401 1223 538 1282 magnam
554 1205 614 1263 vim
631 1205 772 1264 frumenti
789 1204 929 1281 pecuniae
945 1203 1069 1274 absumi,
1086 1212 1116 1264 et
1124 1212 1166 1263 tot
1173 1202 1264 1276 acies,

185 1297 218 1348 ut
239 1289 369 1349 bostium
392 1289 536 1348 exercitus
559 1288 680 1360 delesse,
702 1289 742 1348 ita
757 1289 875 1349 victoris
891 1289 977 1348 etiam
993 1289 1092 1366 copias
1107 1296 1189 1366 parte
1204 1287 1261 1348 ali-

155 1386 244 1450 aque
260 1373 416 1432 minuisse:
437 1373 612 1433 mittendum
626 1373 714 1451 igitur
731 1375 970 1452 supplementum
986 1391 1059 1445 esse,
1082 1373 1260 1433 mittendam

184 1457 216 1516 in
245 1457 424 1534 stipendium
447 1458 603 1536 pecuniam
631 1459 875 1535 frumentumque
903 1466 961 1519 tam
990 1458 1065 1518 bene
1087 1458 1199 1518 meritis
1221 1457 1263 1517 de

184 1541 306 1600 nornine
327 1541 439 1602 Punico
463 1541 610 1602 militibus.

80 1643 84 1651 ’
156 1646 172 1694 a
270 1625 439 1686 Secundum
462 1627 533 1687 haec
553 1627 627 1686 dicla
644 1627 776 1704 Magonis
793 1626 874 1686 laetis
895 1625 1033 1686 omnibus
1051 1625 1186 1697 Himilco,
1211 1627 1264 1686 vir·

184 1708 319 1770 factionis
333 1711 481 1783 Barcinae,
502 1712 601 1771 locum
615 1711 770 1771 Hannonis
787 1711 958 1789 increpandi
973 1729 1036 1770 esse
1051 1719 1141 1783 ratus,
1164 1711 1258 1788 „quid

185 1803 237 1866 est,
259 1792 406 1854 Hanno‘l‘
427 1796 532 1875 inquit,
555 1795 659 1868 „etiam
682 1814 764 1856 nunc
779 1795 906 1874 paenitet
921 1795 988 1855 belli
1003 1795 1132 1873 suscepti
1148 1796 1262 1856 adver·

157 1878 419 1940 rsusRomanos‘?
431 1881 501 1940 iube
517 1881 582 1941 dedi
598 1880 810 1952 Hannibalem3
826 1891 889 1940 veta
909 1880 939 1939 in
961 1889 1021 1942 mm
1038 1881 1188 1958 prosperis
1207 1899 1262 1940 re-

185 1963 241 2023 bus
256 1973 350 2042 grates
365 1965 427 2024 deis
441 1965 646 2026 inmortalibus
660 1965 721 2044 agi;
737 1965 890 2025 audiamus
905 1966 1075 2026 Romanum
1090 1974 1262 2026 sena-torem

156 2047 215 2107 8in
231 2048 513 2127 Carthaginiensium
533 2051 639 2110 curia“.
669 2057 733 2110 tum
747 2050 871 2110 Hanno:
893 2050 1066 2122 „tacuissem
1083 2050 1180 2123 hodie,
1203 2069 1262 2128 pa·

183 2215 469 2282 supplicatioentlehnt,
482 2216 578 2267 welche
593 2216 695 2266 nullom
745 2217 786 2266 dio
803 2223 893 2282 aquilea
909 2221 1092 2282 6666665106,
1121 2189 1153 2280 9,
1173 2220 1203 2278 t,
1225 2219 1260 2280 93

184 2285 211 2332 in
234 2283 313 2346 Folge
344 2299 394 2333 von
418 2283 509 2348 Siegen
539 2285 695 2348 angeorolnet
746 2285 785 2335 016
808 2285 914 2349 iibrigen
936 2292 1026 2350 trugeu
1049 2285 1099 2336 wie
1125 2285 1164 2334 016
1181 2283 1262 2335 Plebs

184 2352 279 2400 wurde.
746 2354 843 2404 eisarna
860 2353 950 2416 Ringe,
967 2354 1063 2403 Becker
1081 2356 1104 2416 2,
1125 2357 1147 2414 1,
1167 2355 1225 2405 215.

222 2414 272 2474 12.
296 2420 368 2470 1-2.
386 2422 420 2468 ed
429 2423 519 2482 fidem,
546 2422 587 2482 21,
609 2423 650 2482 34,
671 2423 693 2473 3.
781 2423 968 2486 3-5666666,
986 2421 1209 2486 darHauptinhalt.
1224 2450 1260 2460 -

169 2486 230 2536 ‘Die
245 2485 360 2550 Sandung
372 2487 417 2536 der
428 2488 515 2550 Bouto,
532 2488 581 2537 wie
600 2490 642 2552 21,
654 2491 693 2554 15,
740 2507 812 2552 prop.
830 2507 909 2552 apem,
929 2492 971 2551 21,
992 2492 1014 2552 1,
1031 2492 1061 2550 2;
1080 2492 1138 2551 §22
1152 2495 1261 2552 proptor

93 2557 96 2562 '
184 2557 215 2616 2,
253 2555 324 2604 hatte
355 2554 423 2608 viell,
452 2555 525 2606 einen
559 2556 694 2620 roligib'sen
745 2575 807 2608 earo.
827 2585 859 2594 -
879 2562 919 2622 ait,
938 2559 1004 2607 nach
1022 2558 1077 2607 dem
1095 2557 1166 2621 Folg.
1186 2557 1260 2610 Hau-

185 2622 285 2685 Zweek,
304 2639 324 2677 s.
343 2639 374 2672 zu
393 2625 434 2684 33,
453 2627 495 2687 49,
508 2629 531 2676 5.
547 2652 578 2660 -
593 2629 693 2675 metien-
746 2625 821 2676 nibal.
841 2653 874 2660 -
887 2628 1013 2690 frumenti
1026 2643 1086 2690 pec,
1106 2627 1150 2676 alas
1169 2625 1261 2692 Aspu-

185 2695 248 2742 ta'bue
265 2691 301 2741 ist
327 2707 368 2741 am
385 2690 541 2743 einfacbsten
559 2692 597 2742 als
615 2693 694 2742 Dativ
746 2694 829 2756 daton,
848 2710 889 2746 um
902 2695 971 2744 nieht
986 2694 1049 2744 alles
1062 2693 1182 2744 Einzelne
1198 2693 1260 2744 aus-

184 2775 215 2808 zu
228 2762 340 2822 nahmen,
360 2760 407 2810 wie
426 2777 447 2812 c.
468 2764 552 2825 10‚9;
572 2765 613 2826 32,
626 2764 650 2823 2,
665 2765 693 2813 2:
745 2762 880 2824 zuziihlen,
900 2779 919 2814 s.
940 2766 987 2826 21,
1014 2765 1059 2824 28,
1083 2765 1104 2814 1.
1128 2789 1162 2796 -
1177 2772 1206 2812 ut
1225 2789 1262 2800 --

184 2832 359 2890 experientibus
372 2846 434 2890 pera
450 2841 538 2893 querca
548 2833 640 2882 deeoete
651 2841 693 2893 eet,
745 2833 798 2894 del,
814 2847 833 2880 s.
853 2834 876 2896 2,
898 2834 938 2894 13,
958 2834 981 2884 8.
996 2857 1031 2866 -
1047 2834 1074 2880 ie
1091 2834 1155 2893 step,
1175 2846 1218 2880 um
1231 2846 1260 2882 es

184 2899 234 2961 vgl.
258 2895 324 2962 1,'8,
344 2901 372 2959 53
392 2901 416 2960 7,
440 2901 480 2961 10,
498 2902 528 2959 63
545 2901 587 2960 26,
606 2901 694 2961 38,10
745 2915 775 2948 zu
797 2900 948 2949 verwonden
967 2897 1008 2948 fair
1025 2916 1049 2949 u.
1069 2915 1089 2948 s.
1107 2914 1149 2960 w,
1170 2899 1222 2962 vgl.
1232 2903 1260 2962 4,

184 2983 208 3014 ιι.
229 2981 266 3029 6.,
293 2965 408 3028 obgleieh
432 2981 458 3016 os
482 2968 545 3016 auch
563 2966 620 3016 Abl.
639 2966 693 3016 sein
746 2969 787 3029 61,
822 2971 865 3019 1οι
897 2971 958 3018 bena
985 2971 1012 3016 in
1030 2971 1169 3028 praemium
1192 2971 1260 3018 deta.

184 3034 286 3096 ko'nnto,
304 3051 323 3084 s.
342 3037 367 3095 4,
386 3036 427 3096 60,
448 3037 476 3096 13
494 3037 535 3097 21,
557 3038 598 3097 51,
618 3039 640 3087 3.
659 3061 693 3070 «-
745 3033 816 3085 Aucb
839 3034 881 3085 bei
906 3036 953 3084 den
968 3034 1077 3085 liiimern
1094 3035 1199 3084 wurden
1217 3037 1260 3086 uie

184 3105 208 3150 d.
227 3119 279 3163 sup.
300 3112 332 3154 er.
350 3119 390 3164 m,
410 3102 461 3164 vgl.
482 3101 540 3154 Vel.
550 3101 617 3152 Max.
629 3106 653 3164 l,
667 3105 692 3165 2,
746 3104 792 3153 066
802 3102 921 3154 Soldatan
935 3119 990 3153 vom
1002 3103 1090 3153 Stante
1106 3102 1260 3166 gelioferten

184 3167 245 3221 Ext,
269 3171 694 3221 16:1riummodiorummenauram
746 3169 924 3222 Lebcnsmittel
943 3173 1027 3222 diesen
1047 3172 1085 3221 als
1103 3171 1164 3222 Sold
1182 3187 1260 3236 ango-

184 3241 315 3300 eapleeeea5
333 3235 435 3304 Eutrop.
458 3241 487 3301 3,
509 3241 552 3290 11:
578 3249 694 3289 1666666-
746 3241 858 3302 rechnet,
879 3239 956 3305 Marq.
976 3242 1000 3303 3,
1015 3242 1039 3301 2,
1060 3244 1105 3301 15,
1118 3239 1259 3290 zurSache

184 3309 251 3366 dieu
268 3305 336 3356 Flor.
358 3310 386 3368 1,
404 3307 455 3368 22,
477 3309 521 3360 18:
548 3309 624 3358 medii
639 3311 694 3370 duo,
745 3308 796 3372 vgl.
816 3311 845 3371 5,
867 3311 897 3370 l,
921 3311 964 3360 13:
992 3313 1021 3359 ab
1041 3311 1100 3359 urbe
1117 3319 1262 3359 commeatus

145 3426 147 3435 q
184 3374 236 3437 vgl.
255 3373 317 3425 Pliu.
337 3375 378 3437 33,
398 3377 423 3436 6,
442 3377 488 3438 203
517 3375 694 3426 iibertroiband
746 3404 780 3412 —-
797 3381 924 3427 retentatore
942 3381 1040 3429 subvehi
1056 3395 1122 3442 eura,
1150 3395 1181 3426 ne
1197 3382 1264 3441 pulei

184 3443 231 3492 Dio
268 3444 285 3494 1.
317 3443 347 3494 l.:
383 3447 456 3515 τρεῖς
490 3443 695 3512 μεδίμνους
745 3456 793 3496 tam
822 3448 877 3495 bene
905 3451 987 3496 merito
1016 3450 1133 3496 exercitui
1157 3473 1190 3481 -
1215 3450 1260 3496 de-

182 3507 336 3574 Ἀττικοὺς,
368 3510 431 3560 iiber
452 3513 483 3562 18
502 3515 583 3562 medii.
603 3539 638 3546 -
655 3529 695 3562 ee·
748 3524 811 3563 earet.

178 3583 256 3640 plenae
275 3598 297 3630 n.
315 3597 376 3642 eum,
395 3595 414 3629 a.
433 3581 475 3642 22,
489 3581 530 3642 60,
552 3582 596 3641 1ος
616 3582 640 3641 8,
652 3582 694 3642 32,
781 3583 873 3632 6-10.
887 3583 950 3645 seat.
969 3585 1052 3644 Bere,
1073 3584 1114 3644 21,
1134 3585 1159 3644 2,
1178 3585 1202 3634 4.
1224 3609 1260 3618 -·-

185 3649 232 3711 16,
261 3651 307 3710 10,
332 3651 380 3709 35,
409 3644 453 3698 if.
485 3674 518 3684 —-
547 3649 617 3708 fame
638 3658 695 3708 ten,
747 3653 912 3712 1661666666,
940 3667 959 3700 s.
980 3653 1010 3712 2,
1028 3653 1076 3711 49,
1097 3652 1143 3712 11,
1165 3650 1259 3699 uudors

185 3717 226 3778 21,
247 3719 289 3778 46,
309 3718 549 3778 10.-16606166
566 3722 622 3778 etc,
645 3714 695 3764 last
747 3719 788 3780 21,
808 3721 855 3780 41,
875 3721 890 3769 6
907 3734 931 3768 u.
954 3717 995 3768 bei
1018 3718 1216 3780 Substantiam,
1237 3735 1258 3768 s.

184 3783 275 3832 ebonso
305 3783 345 3833 016
373 3783 508 3834 Periocha:
537 3801 595 3848 ques
619 3801 694 3836 eaeea-
747 3787 770 3848 3,
791 3787 831 3848 63,
852 3789 880 3848 7;
896 3787 919 3846 6,
942 3788 983 3848 20,
1005 3789 1035 3839 10
1052 3803 1075 3836 ιι.
1094 3802 1117 3836 6.
1136 3814 1169 3822 -
1187 3791 1260 3836 etiam

146 3876 151 3886 ·
183 3855 242 3900 nisae
261 3855 336 3901 modii
351 3869 493 3902 mensurare
517 3857 693 3914 -661666666,
746 3852 880 3912 66166ιί6
900 3856 924 3915 3,
945 3856 969 3915 2,
991 3857 1258 3917 4.·-0601,21,·10,

183 3934 245 3968 nur
263 3919 302 3969 016
320 3927 413 3983 ersten,
434 3924 459 3984 9,
478 3922 581 3986 46,12;
600 3920 695 3972 essiud
749 3923 788 3973 13.
813 3949 845 3957 -
869 3931 943 3972 cenat.
965 3927 1011 3986 a,
1036 3925 1082 3993 21,
1109 3925 1153 3986 11,
1182 3926 1203 3972 1.
1223 3949 1260 3957 -
