2790 4524
49 285 51 290 ‘
118 281 138 310 a.
150 264 187 310 Ch.
200 265 246 308 211.

473 266 566 318 nrnnn
583 265 666 319 xxn.
693 234 763 319 cnr.
782 271 823 322 ae.

1050 277 1052 284 ⁴
1115 269 1180 334 213

90 446 93 454 ·
120 425 217 486 beram
231 423 340 484 blinuoi
361 423 552 484 temeritatem
570 443 601 484 se
624 443 678 485 suo
693 423 782 484 modo
797 431 978 502 captaturum
993 433 1021 484 et
1036 425 1178 486 sollertiae

50 519 51 578 ζ
120 510 195 570 Fabii
224 509 375 568 dimidium
405 509 511 570 virium
534 509 701 570 decessisse.
745 509 875 569 tumulus
898 517 959 569 erat
987 510 1063 569 inter
1085 519 1206 576 castras

49 653 51 662 ,
120 593 234 656 Minucii
248 603 276 654 et
290 593 469 666 Poenorum,
484 611 574 671 quem
588 595 638 672 qui
653 601 831 672 occupasset,
853 593 929 653 baud
945 593 1032 656 dubie
1047 595 1178 673 iniquio-

121 699 179 740 rem
200 688 262 740 erat
277 679 353 738 hosti
368 679 467 738 locum
484 680 623 740 facturus
653 698 721 740 eum
736 687 871 738 nontam
886 687 988 756 capere
1005 679 1067 739 sine
1083 689 1177 740 certa-
1190 694 1208 744 4

50 769 51 840 g
121 765 195 826 mine
209 763 324 824 colebat
337 763 490 835 Hannibal,
505 780 683 843 quamquam
698 763 727 824 id
744 782 850 843 operae
863 764 989 841 pretium
1005 774 1074 836 erat,
1089 781 1177 842 quam

50 853 51 916 ἶ
119 867 232 911 causam
254 848 419 909 certaminis
441 866 509 908 curn
522 849 666 922 Minucio,
689 866 777 927 quern
799 867 1013 926 procursurum
1037 850 1073 908 ad
1096 849 1177 909 obsi-

51 943 52 946 ’
121 935 254 996 standum
269 934 337 994 satis
352 933 467 1005 sciebat,
482 935 662 994 contrahere.
685 952 753 1012 ager
769 933 864 994 omnis
879 933 992 994 medius
1008 942 1069 994 erat
1083 935 1178 1013 prima
1192 951 1207 1001 5

119 1019 211 1097 specie
230 1019 340 1079 inutilis
357 1018 524 1092 insidiatori,
547 1019 689 1098 quianon
704 1019 793 1078 modo
809 1019 938 1078 silvestre
954 1020 1110 1097 quicquam
1126 1020 1178 1079 sed

120 1124 154 1164 ne
168 1104 307 1182 vepribus
322 1104 442 1182 quidem
458 1104 594 1164 vestitum
611 1103 743 1177 habebat,
761 1104 869 1181 reipsa
884 1114 969 1164 natus
985 1104 1115 1183 tegendis
1129 1105 1177 1164 in·
1191 1114 1206 1164 6

119 1190 194 1250 sidiis
210 1207 246 1249 eo
262 1190 363 1267 magis,
380 1189 459 1267 quod
474 1189 505 1248 in
520 1189 600 1249 nuda
615 1189 687 1249 valle
704 1189 939 1249 nullatalisfraus
949 1189 1041 1250 timeri
1050 1198 1179 1267 poterat3

120 1284 146 1335 et
159 1283 242 1336 erant
256 1275 289 1334 in
305 1266 483 1334 anlrdctibus
500 1292 585 1334 cavae
600 1293 698 1352 rupes,
720 1281 753 1333 ut
776 1273 917 1352 quaedam
933 1293 1033 1334 earnm
1047 1275 1178 1335 ducenos

118 1371 243 1420 armatos
264 1367 386 1438 possent
404 1377 516 1436 capere.
545 1360 576 1419 in
599 1360 650 1420 has
671 1359 802 1431 latebrae,
825 1366 898 1437 quot
919 1377 1066 1438 quemque
1079 1361 1207 1420 locumt
1294 1397 1295 1400 =

119 1453 180 1522 apte
201 1444 330 1505 insidere
347 1451 490 1522 poterant,
516 1445 648 1523 quinque
670 1443 747 1504 milia
763 1444 932 1504 conduntur
948 1445 1079 1522 peditum
1094 1445 1178 1523 equi-

119 1537 246 1607 tumque.
287 1529 394 1590 necubi
415 1538 512 1590 tamen
533 1537 582 1589 aut
601 1537 701 1589 motus
724 1529 845 1589 alicuius
866 1537 976 1590 temere
998 1531 1106 1608 egressi
1131 1531 1209 1590 aut8
1292 1571 1293 1576 κ
1344 1517 1345 1528 ’

120 1615 212 1693 l'nlgor
238 1632 392 1674 armorum
412 1614 547 1674 fraudem
565 1615 596 1674 in
618 1615 690 1674 valle
711 1623 770 1674 tam
791 1622 889 1692 aperta
909 1615 1063 1693 detegeret,
1084 1615 1194 1675 missis

120 1700 215 1777 paucis
238 1700 334 1778 prima
352 1700 416 1760 luce
439 1699 473 1759 ad
497 1699 672 1777 capiendum
693 1716 782 1775 quem
804 1706 870 1759 ante
891 1699 1018 1759 diximus
1032 1701 1179 1760 tumulum

119 1785 217 1845 avertit
239 1785 342 1844 oculos
358 1785 496 1845 hostium.
524 1785 620 1863 primo
637 1785 732 1845 statim
748 1791 907 1862 conspectu
925 1791 1089 1863 contempta
1105 1791 1209 1862 pau-9

121 1869 193 1942 citas,
212 1887 247 1929 ac
270 1868 326 1928 sibi
346 1870 472 1947 quisque
494 1869 653 1948 deposcere
674 1869 824 1948 pellendos
846 1868 914 1928 inde
929 1868 1019 1929 hostis
1034 1888 1067 1928 ac
1080 1870 1180 1928 locum

121 1955 309 2031 capiendum3
326 1954 386 2014 dux
401 1954 466 2032 ipse
477 1955 553 2014 inter
567 1954 770 2015 stolidissimos
786 1954 1043 2031 ferocissimosque
1058 1953 1093 2012 ad
1099 1972 1181 2013 arma

120 2050 206 2112 cocat,
226 2047 255 2100 et
276 2039 358 2099 vanis
379 2039 466 2099 minis
481 2039 613 2117 increpat
627 2040 750 2100 hostem.
782 2038 926 2116 principio
941 2039 1034 2098 levem
1050 2048 1180 2098 armatu·
1196 2054 1227 2106 tu

120 2143 179 2184 ram
201 2124 336 2196 dimittit3
358 2124 464 2184 deinde
486 2127 619 2184 conserto
642 2123 757 2202 agmine
773 2123 858 2184 mittit
871 2124 997 2202 equites;
1019 2131 1180 2202 postremo,

122 2228 184 2269 curn
205 2209 342 2270 hostibus
363 2227 482 2289 quoque
502 2209 630 2270 subsidia
651 2209 725 2270 mitti
746 2209 865 2282 videret,
886 2208 1035 2269 instructis
1056 2208 1179 2286 legioni-

121 2293 171 2354 bus
192 2293 335 2374 procedit
373 2302 401 2354 et
423 2294 566 2356 Hannibal
586 2294 784 2355 laborantibus
806 2293 867 2354 suis
889 2293 941 2354 alia
961 2301 1048 2372 atque
1067 2295 1129 2366 alia,
1149 2302 1181 2353 ut
1197 2314 1226 2364 11

122 2411 254 2475 bcgriindct
272 2411 319 2460 den
336 2410 396 2460 Satn
414 2427 461 2461 vor
473 2411 518 2461 dor
530 2409 625 2460 Paren-

121 2479 198 2543 tbeso,
222 2479 300 2530 weist
324 2479 394 2528 nieht
418 2479 472 2530 blos
498 2479 543 2530 auf
564 2479 625 2529 den-

121 2547 200 2600 selbcn
228 2548 331 2598 1111111.
361 2574 396 2584 -
421 2552 526 2611 liberam,
556 2548 626 2598 nicht

123 2617 626 2668 nehrdurchdenDictntorinSchrunken

675 2421 746 2462 natue
769 2416 815 2460 etc.
840 2425 879 2462 an.
908 2438 942 2446 -
965 2420 1077 2475 quot-
1101 2427 1184 2472 cepere

676 2480 710 2529 ist
727 2479 764 2529 als
782 2479 949 2543 bestimmnng
962 2495 1010 2529 vor
1021 2483 1104 2544 quinq.
1116 2483 1184 2530 mileo

676 2547 793 2613 gestellt,
824 2554 900 2597 statt:
916 2593 918 2599 .
932 2551 1037 2612 quinqua
1058 2553 1108 2599 mil.
1126 2565 1183 2598 con·

676 2620 769 2667 duntur
798 2620 845 2678 du,
877 2627 905 2667 ut
934 2627 990 2680 quot
1018 2645 1051 2652 -
1081 2621 1184 2667 inridere

122 2685 242 2747 gohalten.
275 2703 318 2736 ruo
346 2703 392 2750 m.‚
423 2701 442 2736 s.
472 2701 493 2735 c.
526 2687 571 2750 16,
602 2689 625 2738 5.
671 2694 783 2750 possent,
808 2695 841 2734 tot
863 2689 890 2735 in
914 2701 939 2734 eo
965 2690 1129 2736 conderentur.
1150 2713 1183 2720 —

52 2791 53 2796 ,
121 2770 185 2816 quem
201 2759 254 2819 qui,
272 2769 292 2803 c.
311 2757 352 2816 24,
366 2757 389 2806 6.
401 2779 434 2790 -
447 2757 565 2820 scaurus
581 2771 625 2816 ar,

123 2837 173 2872 war
190 2823 217 2872 in
237 2824 283 2873 der
303 2821 379 2887 Lago,
398 2824 454 2873 dass
476 2824 624 2873 armachan

123 2889 217 2955 leonte,
239 2895 262 2954 1,
281 2894 322 2952 44,
344 2895 366 2944 5.

155 2962 226 3013 4-o.
255 2977 351 3010 masma
371 2969 425 3010 cut.
447 2959 492 3009 mit
515 2973 568 3009 eum
588 2960 625 3008 M.

52 3045 53 3050 ¹
124 3042 151 3076 zu
175 3028 325 3092 vcrbinden,
357 3028 408 3077 und
432 3045 505 3078 causa
532 3037 626 3077 emam.

124 3101 257 3148 muctare
281 3097 419 3146 construit-t
444 3096 493 3146 wie
511 3105 628 3147 adaman

51 3164 54 3190 ³
124 3169 264 3228 marmore,
296 3165 347 3230 vgl.
366 3169 407 3228 44,
428 3167 469 3228 21,
492 3167 536 3216 tn:
569 3181 627 3216 con·

50 3285 51 3298 ³
124 3237 220 3286 uacuae
244 3250 298 3285 eum
319 3239 463 3284 mcerar'tatea
487 3237 520 3284 ad
543 3236 627 3283 bellrcm

125 3312 203 3362 ratua,·
230 3305 275 3365 21,
301 3305 328 3366 1,
346 3305 374 3354 2:
403 3311 561 3362 conaerentes,
596 3299 626 3352 K.

50 3407 51 3436 ,
126 3369 185 3434 3473
204 3372 262 3424 378.
276 3397 309 3406 -
319 3388 440 3434 proetus,
458 3368 510 3420 Pol.
527 3373 583 3433 104,
597 3371 627 3420 3:

50 3447 51 3470 ³
126 3431 166 3489 ὅτι
183 3443 319 3510 παρέσται
336 3440 457 3507 βοηθῶν.
479 3467 508 3473 --
530 3456 580 3488 non
597 3455 627 3490 m.

49 3503 51 3566 ζ
127 3509 565 3572 μ1111111,111,21,6;9,
589 3508 627 3569 ro,

130 3576 169 3637 143
195 3575 248 3626 Pol.
266 3577 283 3627 l.
301 3575 332 3626 l:
361 3578 417 3629 τῶν
448 3570 545 3628 τόπων
573 3575 629 3628 τῶν

49 3637 51 3656 ’
126 3646 188 3762 arpi
223 3641 273 3699 τὸν
313 3638 404 3716 λόφον
442 3638 628 3720 ὑπαρχόντων

49 3733 51 3776 g
127 3721 158 3778 ψι
175 3712 213 3766 ὧν
230 3719 298 3785 μέν,
317 3709 424 3772 πολλὰς
451 3713 531 3765 ‹tl-
550 3731 630 3784 nept-

49 3777 51 3830 i
128 3774 232 3841 κλάσεις
252 3785 300 3834 καὶ
317 3777 479 3848 κοιλότητας
500 3776 629 3850 ἐχόντων.

130 3845 190 3898 Plut.
208 3866 228 3901 c.
252 3854 290 3904 11.
312 3879 345 3887 -
362 3861 384 3902 et
400 3861 482 3914 erem,
501 3865 527 3900 es
545 3863 631 3900 waren

130 3916 247 3982 damlich3
264 3930 285 3970 et
302 3917 358 3984 nigt
372 3919 412 3970 die
424 3919 567 3982 Erkl'airnng
581 3934 629 3968 von

676 2757 787 2818 elimatur,
805 2752 882 2802 demit
895 2752 965 2802 nicht
977 2753 1105 2816 irgendwo
1120 2754 1184 2802 auch

677 2837 723 2871 nur
741 2821 847 2884 eines,
867 2837 885 2870 s.
905 2823 946 2881 26,
966 2824 989 2883 5,
1002 2825 1025 2874 7.
1045 2847 1079 2858 -
1096 2824 1186 2886 egressi

676 2911 711 2932 =
729 2894 752 2940 ci
770 2894 824 2952 quie
841 2907 946 2955 egressus
963 2900 1027 2953 meet,
1055 2905 1074 2938 S.
1098 2893 1121 2952 5,
1142 2891 1183 2952 36,

680 2961 723 3022 10;
746 2960 787 3021 21,
808 2959 849 3020 33,
868 2961 890 3011 9.
903 2986 936 2993 -
949 2961 1036 3020 depone.
1049 2962 1106 3020 pell.
1121 2958 1184 3006 nach

678 3027 723 3076 dor
739 3026 861 3090 Analogia
879 3043 929 3076 von
947 3031 1012 3090 darc,
1030 3031 1120 3077 mittero
1139 3025 1185 3076 mit

678 3097 732 3146 dem
756 3094 883 3146 Gerundiv
903 3101 999 3160 gesagt,
1018 3095 1069 3160 vgl.
1083 3094 1141 3146 Tac.
1155 3094 1183 3145 ll.

678 3168 704 3226 4,
717 3167 763 3218 40:
782 3181 851 3228 quem
862 3168 1020 3219 accusandum
1026 3168 1171 3228 poposcisset
1175 3179 1186 3224 ,·

677 3233 711 3283 ib.
730 3237 753 3295 4,
770 3235 803 3284 42
817 3239 895 3283 exta:
907 3237 1041 3294 puniendos
1048 3236 1185 3299 flagitabat,

677 3302 729 3366 vgl.
747 3318 833 3366 negare
852 3300 945 3352 Lucan.
962 3305 987 3364 4,
1009 3305 1066 3354 804.

716 3371 822 3421 10—13.
833 3372 938 3434 demittit,
949 3369 1014 3420 Plut.
1028 3366 1186 3422 ἅπέστειλεε

679 3453 707 3488 cr
733 3437 840 3487 cntl'dsst
866 3438 902 3488 sie
927 3454 976 3487 von
1004 3438 1058 3488 dem
1078 3437 1185 3499 Punite,

678 3521 719 3556 wo
751 3504 791 3555 dic
820 3505 925 3570 iibrigen
948 3505 1064 3572 Truppen
1090 3506 1186 3566 slehen,

679 3577 720 3638 21,
744 3577 791 3637 54,
813 3578 843 3636 4,
871 3572 961 3624 darauf
989 3575 1053 3623 wird
1084 3571 1189 3623 dreimal

679 3647 784 3704 mittere,
813 3643 863 3693 wie
888 3641 905 3707 ξ
928 3645 945 3696 4
969 3652 1093 3704 certamen,
1120 3639 1136 3706 ξ
1157 3642 1187 3692 12

679 3715 799 3763 succedas
818 3712 870 3760 wel
881 3711 951 3760 nicht
965 3709 1112 3761 absichtlicb
1125 3709 1188 3758 wie-

681 3780 788 3843 dcrholt,
807 3782 849 3844 21,
868 3782 910 3846 24,
929 3784 959 3842 43
980 3781 1022 3842 29,
1037 3780 1078 3840 30,
1095 3775 1140 3830 31.
1155 3805 1188 3814 -

681 3860 702 3901 ct
719 3853 803 3900 Hane.
828 3854 894 3899 setzt
920 3848 964 3898 das
989 3848 1016 3896 iu
1033 3850 1138 3898 bentibus
1156 3873 1189 3882 m

680 3922 746 3969 mdti
759 3917 929 3981 Angedeutete
947 3916 1037 3966 weiter
1058 3917 1189 3966 auseman-
