2814 4526
181 191 245 256 390
619 188 811 242 rsnroounn.

184 361 221 411 sio
238 367 409 425 transgressos
428 367 467 410 est
481 358 579 410 saltum.
604 359 716 424 idemque
728 357 793 409 Fabi
804 358 910 410 Maximi
921 357 1064 422 dictatoris,
1083 371 1135 407 cum
1148 357 1256 423 circum·

184 429 266 495 posita
287 435 381 492 ureret,
402 443 464 494 agro
484 428 601 494 pepercit,
620 435 649 479 ut
666 428 737 478 illum
755 434 879 492 tamquam
893 427 1045 493 proditorem
1058 431 1198 492 suspectum
1214 423 1259 474 ia-

184 501 260 549 ceret.
292 497 397 548 Aemilio
416 497 503 548 deinde
521 495 600 547 Paulo
618 504 643 548 et
660 495 779 548 Terentio
796 497 911 547 Varrone
936 495 1078 546 consulibua
1105 501 1131 545 et
1148 494 1255 544 ducibus

184 581 238 618 oum
251 566 359 617 maxima
374 567 445 618 clade
458 567 578 617 adversus
589 565 751 616 Hannibalem
764 565 796 614 ad
808 565 905 616 Cannas
921 571 1053 631 pugnatum
1067 570 1114 627 est,
1132 578 1257 628 caesaque

184 650 214 686 eo
232 635 327 702 proelio
339 635 504 685 Romanorum
522 636 576 692 ᾖν
594 650 648 685 cum
663 632 741 684 Paulo
762 633 862 684 consule
881 641 907 685 ct
924 633 1081 684 senatoribus
1093 631 1139 682 XC
1152 636 1178 682 et
1192 647 1252 680 con-

183 703 308 754 sularibus
334 710 377 755 aut
401 704 534 770 praetoriis
558 710 602 754 aut
620 702 742 753 aediliciis
760 701 847 752 XXX.
867 709 923 768 post
941 717 1003 768 quae
1021 717 1076 752 cum
1094 716 1109 751 a
1127 700 1254 750 nobilibus

184 772 384 824 adulescentibus
413 780 515 839 propter
546 771 744 838 desperationem
776 771 906 822 consilium
934 771 964 821 de
990 769 1151 834 relinquenda
1178 769 1254 818 ltalia

184 841 300 904 iniretur,
312 841 338 892 P.
354 841 484 892 Cornelius
498 841 581 907 Scipio
593 841 707 891 tribunus
720 839 834 905 militum,
846 840 888 905 qui
900 838 1030 890 Africanus
1045 844 1133 904 postea
1146 845 1257 888 vocatos

184 916 231 972 est,
251 909 340 960 stricto
354 925 428 976 super
442 910 526 976 capita
541 909 729 960 deliberantium
742 907 809 958 ierro
822 907 917 960 iuravit
930 923 956 958 se
969 923 1014 974 pro
1026 909 1098 957 hoste
1110 906 1253 956 habiturum

184 993 247 1043 eum,
265 978 307 1043 qui
325 979 350 1029 iu
368 979 446 1029 verba
463 995 509 1029 sna
526 995 573 1028 non
591 978 709 1040 iurasset,
727 977 872 1042 effecitque,
891 984 919 1027 ut
932 991 1015 1026 omnes
1028 992 1076 1026 non
1090 974 1204 1026 relictum
1221 974 1255 1024 iri

184 1062 199 1096 a
215 1063 243 1098 sc
258 1046 358 1098 ltaliam
376 1047 431 1098 iure
448 1048 552 1098 iurando
564 1045 787 1110 adstringerentur,
805 1051 906 1112 propter
916 1045 1069 1111 paucitatem
1083 1043 1190 1094 militum
1201 1046 1254 1100 Vffi

183 1131 313 1166 servorum
330 1122 429 1166 armata
445 1122 511 1167 snut.
547 1115 656 1181 captivi,
675 1131 729 1164 oum
746 1121 858 1181 potestas
878 1121 946 1166 esset
962 1112 1105 1172 redimendi,
1133 1111 1255 1178 redempti

184 1200 233 1234 non
252 1192 318 1235 suut.
345 1191 475 1250 praeterea
491 1184 682 1249 trepidationem
699 1183 768 1233 urbis
788 1189 814 1233 et
829 1184 923 1233 luctum
934 1189 961 1234 ct
972 1198 1012 1233 res
1027 1182 1052 1232 in
1071 1180 1189 1247 Hispania
1202 1196 1257 1231 me·

184 1253 247 1303 licre
266 1260 359 1304 eventu
372 1260 456 1317 gestes
469 1253 587 1302 continet.
613 1251 709 1318 Opimia
724 1258 750 1302 et
763 1251 893 1302 Florentia
907 1251 1023 1304 Vestales
1038 1250 1149 1314 virgines
1163 1249 1255 1300 incesti

185 1322 316 1372 damnatae
334 1328 398 1374 sunt.
435 1320 544 1372 Varroni
567 1320 667 1372 obviam
683 1320 746 1370 itum
765 1327 792 1371 ct
809 1321 907 1385 gratiae
925 1328 1011 1386 actae,
1030 1320 1093 1386 quod
1110 1319 1141 1369 de
1159 1333 1187 1368 re
1205 1334 1254 1384 pu-

185 1389 252 1440 bliea
273 1405 322 1439 non
340 1390 504 1456 desperasset.

635 1459 801 1467 -n—-u-——au

546 1541 600 1594 EX
624 1541 743 1593 LIBRO
768 1539 885 1593 XXlll.

254 1627 372 1693 Campani
400 1628 432 1676 ad
460 1626 622 1678 Hannibalem
649 1626 799 1678 defecerunt.
843 1625 943 1675 nuntius
967 1625 1102 1675 Cannensis
1129 1624 1256 1675 victoriae

185 1695 259 1760 Mago
278 1696 452 1760 Carthaginem
471 1696 562 1746 missos
580 1697 668 1747 anulos
688 1711 778 1746 aureos
797 1694 942 1760 corporibus
970 1694 1106 1744 occisorum
1125 1694 1256 1746 damnatos

184 1765 210 1814 iu
230 1765 354 1816 vestibulo
367 1765 451 1815 curiae
463 1765 564 1829 alludit,
592 1781 654 1830 qnos
666 1764 802 1815 excessisse
816 1763 892 1814 modii
903 1777 1042 1812 mensuram
1055 1761 1172 1812 traditur.
1197 1769 1257 1828 post

185 1849 255 1901 quem
274 1834 385 1883 nuntium
397 1833 491 1896 Hanno,
510 1833 552 1882 vir
568 1849 600 1884 ex
613 1833 702 1884 Poenis
721 1833 852 1894 nobilibus,
874 1832 995 1881 suadebat
1005 1831 1104 1880 senatui
1116 1830 1257 1895 Carthagi·

184 1902 319 1966 niensium,
345 1908 373 1952 ut
399 1917 483 1969 pacem
507 1917 521 1951 a
545 1903 634 1968 populo
652 1901 761 1953 Romano
779 1905 906 1968 peterent·
933 1915 977 1950 nce
994 1899 1075 1958 tenuit
1092 1900 1256 1965 obstrepente

184 1971 290 2022 Rureina
309 1970 423 2022 faotione.
448 1970 566 2022 Claudius
579 1970 713 2022 Marcellos
727 1976 829 2036 praetor
840 1970 872 2019 ad
884 1938 973 2018 Holam
987 1968 1116 2034 eruptione
1131 1968 1257 2020 adversus

185 2039 347 2090 Hannibalem
365 2055 397 2090 ex
416 2040 504 2106 oppido
523 2037 591 2091 saeta
609 2055 726 2106 prospere
743 2038 871 2105 pugnavit.
907 2036 1043 2087 Casilinum
1063 2052 1078 2086 a
1094 2035 1184 2087 Poenis
1205 2037 1254 2086 ob-

183 2123 278 2160 sessum
294 2108 333 2158 ita
349 2105 414 2158 fame
433 2115 550 2158 vexatum
567 2115 614 2170 est,
635 2116 663 2159 ut
679 2109 736 2158 lora
753 2114 779 2157 et
796 2107 874 2174 pelles
891 2105 969 2156 scutis
986 2106 1113 2156 deuectos
1131 2111 1157 2155 et
1169 2121 1254 2156 mures

183 2177 274 2227 inclusi
293 2183 382 2228 essent.
408 2177 511 2228 nucibus
530 2192 574 2242 per
587 2177 736 2228 Vulturnum
754 2191 848 2226 amnem
866 2172 1010 2225 aHomanis
1027 2174 1108 2225 missis
1126 2173 1256 2225 vixerunt.

183 2253 285 2296 senatus
309 2261 341 2296 cx
365 2245 474 2309 equestri
495 2245 581 2295 ordine
599 2246 738 2297 hominibus
757 2242 871 2295 CXCVII
888 2242 1015 2308 suppletus
1033 2249 1079 2294 est.
1114 2243 1141 2292 L.
1160 2241 1256 2292 Postu-

183 2315 246 2364 mius
264 2318 365 2379 praetor
383 2312 492 2364 aGallis
513 2329 568 2362 cum
585 2315 699 2364 exercitu
716 2329 803 2364 caesus
822 2319 867 2364 est.
894 2312 937 2362 Cn.
951 2319 977 2362 et
988 2310 1015 2361 P.
1026 2311 1154 2377 Scipiones
1166 2311 1193 2360 in
1206 2311 1255 2361 Hi·

183 2382 271 2447 spania
290 2381 470 2432 Hasdrubalem
490 2381 605 2431 vicerunt
621 2389 648 2432 et
661 2382 803 2448 Hispaniam
815 2395 884 2431 suam
898 2379 1018 2431 iecerunt.
1049 2380 1171 2445 reliquiae
1184 2380 1255 2430 Cau·

128 2510 130 2514 ⁴
183 2449 266 2500 nensis
285 2449 411 2500 exercitus
432 2449 457 2500 iu
474 2449 585 2501 Siciliam
602 2451 730 2515 relegatae
747 2457 813 2514 sunt,
833 2465 862 2500 nc
882 2449 1027 2500 recederent
1044 2449 1100 2500 inde
1120 2448 1255 2500 nisiiinito

183 2518 258 2569 bello.
283 2517 440 2583 Sempronius
459 2517 587 2570 Gracchus
605 2519 841 2585 eonsulCampanos
862 2517 960 2568 cecidit.
985 2517 1102 2568 Claudius
1115 2517 1254 2568 Marcellus

183 2593 284 2652 praetor
302 2585 445 2638 Hannibalis
471 2588 608 2638 exereitum
626 2589 657 2638 ad
674 2587 764 2639 Nolam
783 2585 877 2653 proelio
897 2585 962 2636 fudit
979 2593 1005 2636 et
1022 2586 1092 2652 vicit,
1110 2586 1254 2652 primusque

182 2662 222 2705 tot
249 2656 360 2706 cladibus
378 2653 451 2706 fessis
468 2656 585 2707 Romanis
603 2657 730 2708 meliorem
747 2671 814 2722 spem
834 2655 894 2705 belli
915 2655 990 2705 dedit.
1026 2654 1093 2706 inter
1111 2653 1253 2721 Philippum

182 2723 343 2776 Macedoniae
361 2739 444 2789 regem
462 2731 488 2776 et
500 2725 662 2776 Hannibalem
682 2725 790 2776 societas
807 2725 892 2774 iuncta
904 2730 949 2773 est.
979 2730 1109 2790 praeterea
1121 2724 1147 2774 in
1159 2723 1255 2789 Hispa-

183 2793 224 2842 nia
243 2792 352 2844 feliciter
370 2793 488 2845 uPnblio
507 2801 533 2845 et
546 2799 589 2846 On.
605 2797 764 2856 depossitus,
782 2798 810 2844 to
824 2795 940 2844 Sardinia
950 2812 965 2843 a
976 2790 1005 2842 T.
1019 2791 1112 2842 Manlio
1131 2799 1253 2858 praetore

182 2862 301 2914 adversus
314 2863 409 2913 Poenos
426 2879 467 2913 res
484 2871 569 2928 gestas
587 2863 706 2926 continet,
726 2878 742 2912 a
760 2862 847 2926 quibus
864 2859 1002 2912 Hasdrubal
1019 2861 1070 2911 dux
1088 2868 1114 2912 et
1131 2861 1206 2925 Mago
1225 2867 1256 2914 ot

181 2931 267 2980 Hanno
285 2931 359 2996 capti.
386 2931 512 2982 exercitus
525 2931 670 2982 Hannibalis
688 2946 732 2997 per
749 2930 853 2980 hiberna
874 2929 910 2979 ita
928 2929 1070 2980 luxuriatus
1082 2936 1130 2995 est,
1147 2935 1176 2979 ut
1192 2945 1255 2979 cor-

180 2999 248 3066 poris
266 2999 390 3066 animique
408 3000 505 3050 viribus
522 3006 695 3050 enervaretur.
