2814 4526
220 286 286 352 324
566 284 661 335 mum
678 281 776 336 xxm.
802 283 870 336 car.
892 288 931 340 rs.
1184 286 1301 366 nasa.

223 442 318 502 donec
341 441 440 520 pudor
469 439 556 502 etiam
575 439 769 500 Hannibalem
796 441 833 501 ab
853 441 970 518 inceptc
990 433 1107 514 avertit,
1136 443 1300 521 castrisque
1397 423 1398 447 ¹

223 526 402 587 communitis
424 543 457 585 ac
479 525 622 603 praesidio
647 525 763 586 medico
785 525 929 604 inposite,
951 543 989 584 ne
1013 527 1121 586 omissa
1143 545 1191 586 res
1214 529 1301 588 vide·
1397 604 1398 620 ἵ

223 619 313 684 retur,
334 611 364 671 in
388 609 510 670 hiberna
533 611 662 688 Capuam
684 610 837 670 concessit.
1397 655 1398 697 t

178 710 209 759 10
307 696 352 756 lbi
372 703 485 774 partem
506 695 648 755 maiorem
664 695 769 756 hiemis
784 695 944 755 exercitum
963 694 994 754 in
1011 695 1093 755 tectis
1110 694 1222 768 habuit,
1245 697 1301 757 ad·

223 799 327 840 versus
350 777 449 840 cmnia'
468 781 596 840 humana
613 781 687 839 mala
707 797 793 860 saepe
813 798 846 839 ac
868 779 918 840 diu
939 779 1086 852 duratum,
1107 779 1195 840 bonis
1211 781 1298 842 inex-
1397 793 1398 796 ’

179 887 208 936 11
223 873 342 945 pentum
357 874 444 943 atque
461 866 619 925 insuetum.
641 865 749 943 itaque,
765 882 840 942 qucs
854 865 936 924 nulla
952 865 1018 924 mali
1033 865 1142 925 vicerat
1158 865 1212 938 vis,
1227 885 1301 944 per·

223 950 324 1011 didere
340 951 429 1010 nimia
444 950 523 1010 bcna
539 968 571 1009 ac
587 950 750 1028 voluptates
772 949 944 1021 inmodicae,
959 957 987 1009 et
1001 967 1037 1009 ec
1054 950 1219 1028 inpensius
1236 969 1297 1029 quc

178 1043 209 1092 12
223 1035 336 1096 avidius
352 1053 389 1095 ex
401 1035 557 1095 insolentia
571 1034 602 1093 in
619 1054 667 1094 eas
684 1053 715 1094 se
729 1041 901 1095 merserant.
923 1052 1048 1095 somnus
1064 1035 1144 1094 enim
1158 1035 1297 1096 etvinum

216 1128 252 1181 -et
266 1121 368 1199 epulae
382 1128 411 1179 et
426 1128 522 1180 scorta
537 1118 709 1196 balineaque
724 1120 860 1191 etotium,
877 1119 1091 1179 consuetudine
1100 1120 1130 1180 in
1140 1119 1297 1181 diesblan-
1397 1155 1398 1162 ι

224 1206 299 1278 dius,
312 1207 351 1265 ita
365 1211 581 1265 enervaverunt
595 1221 722 1282 corpora
736 1205 920 1282 animosque,
936 1212 969 1264 ut
984 1204 1075 1282 magis
1091 1204 1199 1264 deinde
1210 1223 1298 1282 prac-

177 1309 208 1358 13
222 1291 322 1351 teritae
347 1290 482 1350 victoriae
501 1307 552 1348 eos
569 1307 657 1366 quam
672 1297 840 1367 praesentes
853 1297 1019 1349 tutarentur
1034 1289 1120 1362 vires,
1142 1290 1300 1368 maiusque

222 1377 251 1435 id
280 1383 433 1453 peccatum
465 1374 548 1434 ducis
578 1373 656 1452 apud
679 1374 795 1452 peritos.
810 1373 1107 1434 artiummih'tarium
1128 1373 1300 1451 haberetur,

224 1478 313 1538 quam
335 1460 415 1538 quod
436 1476 499 1519 non
521 1477 557 1518 ex
573 1458 719 1518 Cannensi
734 1459 794 1518 acie
808 1459 946 1536 protinus
960 1458 996 1517 ad
1011 1459 1116 1519 urbem
1130 1459 1300 1520 Romanam

223 1546 367 1605 duxisset:
397 1545 443 1604 illa
471 1545 550 1604 enim
580 1543 726 1603 cunctatio
749 1544 895 1603 distulisse
917 1543 1007 1603 mcdc
1029 1544 1182 1604 victoriam
1203 1545 1300 1606 videri

178 1633 210 1683 14
223 1630 326 1708 potuit,
348 1629 395 1688 hic
416 1645 501 1691 error
516 1629 592 1688 vires
617 1628 760 1688 ademisse
777 1629 812 1688 ad
828 1628 1016 1688 vincendum.
1053 1629 1151 1706 itaque
1166 1631 1301 1705 hercule,

222 1715 302 1775 velut
316 1715 341 1774 si
357 1732 426 1774 cum
442 1714 497 1773 alic
515 1714 643 1774 exercitu
660 1732 676 1772 a
692 1712 790 1791 Capua
805 1714 905 1786 exiret,
926 1713 999 1772 nihil
1012 1730 1138 1790 usquam
1155 1715 1300 1792 pristinae

178 1800 209 1848 15
223 1799 392 1878 discipHnae
408 1799 509 1860 tenuit.
537 1817 606 1859 nam
628 1805 656 1857 et
676 1798 827 1858 redierunt
840 1799 972 1876 plerique
988 1799 1091 1858 scortis
1107 1798 1238 1876 inpliciti,
1261 1809 1302 1873 et,

224 1884 274 1945 ubi
289 1886 418 1962 primum
434 1885 490 1945 sub
507 1884 631 1962 pellibus
647 1883 748 1942 haberi
763 1883 859 1960 ccepti
874 1893 959 1954 sunt,
982 1883 1087 1960 viaque
1103 1893 1131 1944 et
1145 1883 1220 1944 alius
1237 1886 1297 1945 mi.-

220 1971 311 2030 litaris
331 1970 414 2030 labor
436 1969 558 2048 excepit,
578 1969 710 2029 tironum
732 1968 822 2027 modo
840 1966 1014 2045 corporibus
1036 1968 1202 2047 animisque
1220 1970 1300 2030 defi-

178 2058 209 2109 16
223 2054 346 2128 ciebant,
370 2063 398 2114 et
413 2054 517 2114 deinde
532 2073 585 2131 per
601 2071 689 2117 omne
705 2053 884 2114 aestivorum
898 2061 1015 2131 tempus
1030 2071 1136 2130 magna
1149 2072 1217 2131 pars
1231 2055 1300 2115 sine

221 2223 320 2273 licrcet.
336 2237 356 2270 c.
378 2224 418 2273 37.
432 2249 463 2258 -
474 2225 557 2282 pudor
574 2231 612 2282 ct,
630 2236 732 2270 ausser·
782 2224 846 2270 actu
867 2251 898 2262 -
922 2225 993 2270 etiam
1015 2225 1091 2282 ipatus
1115 2225 1216 2272 {nectabo
1240 2227 1300 2273 dul·

222 2293 277 2340 dem
307 2291 363 2339 dass
395 2305 423 2339 er
447 2290 526 2338 durch
548 2290 732 2353 Belagerungs-
783 2293 851 2350 cedo,
870 2299 893 2339 et
909 2293 990 2339 inciae
1004 2293 1084 2350 priato
1103 2292 1244 2355 33131313.
1267 2291 1298 2342 L.

222 2359 310 2407 werke
336 2357 417 2407 nichts
442 2358 601 2406 ausrichtetc.
620 2383 654 2395 -—
678 2375 732 2408 eon·
783 2360 825 2420 22,
845 2359 875 2420 9,
903 2357 929 2419 5)
942 2367 1063 2419 postremo
1081 2368 1185 2411 amatur.
1201 2385 1236 2394 —-
1255 2363 1300 2410 da·

185 2477 187 2480 ,
222 2431 305 2488 ceaait,
334 2427 379 2476 der
397 2425 517 2476 chhscl
538 2426 580 2476 des
598 2425 731 2489 Suhjcctcs
783 2430 861 2488 licea,
883 2441 902 2474 s.
921 2424 990 2475 Neue
1012 2429 1038 2488 1,
1064 2429 1122 2478 612.
1141 2455 1175 2462 -
1188 2434 1300 2491 proten„

222 2495 257 2544 ist
278 2491 348 2543 nicht
364 2494 473 2544 sttirend.
783 2496 830 2556 22,
858 2496 905 2557 42,
934 2497 956 2545 3.
975 2521 1009 2530 -—
1026 2497 1145 2558 33343331,
1165 2497 1230 2545 nach
1250 2497 1299 2547 der

259 2565 366 2615 10—13.
387 2567 415 2612 in
432 2566 510 2625 tectis,
527 2562 605 2611 nicht
621 2565 665 2612 aud
678 2567 731 2623 pel-
782 2561 888 2612 Ansicht
905 2563 950 2612 der
962 2561 1187 2627 thiegskunuigen.
1206 2591 1236 2600 -
1258 2583 1299 2615 er-

222 2635 292 2694 tidue,
312 2634 510 2694 §lb—caepa,
528 2631 554 2680 in
566 2630 649 2681 viclen
664 2631 731 2681 Ver·
773 2648 825 2680 *ror
856 2631 900 2681 ein
920 2630 1013 2681 Fchler
1036 2647 1081 2681 aus
1108 2630 1224 2682 lrrtlmm.
1263 2639 1299 2685 ad

220 2701 371 2762 h'ailtnissen,
385 2697 729 2762 beivielenGelegenhciten.
781 2703 890 2750 cincend.
908 2700 1126 2764 gehbrtzuvirea,
1144 2703 1225 2764 4,48,
1250 2705 1298 2755 14:
1397 2698 1398 2722 ¹

231 2798 249 2804 ··
263 2774 385 2832 duratum,
405 2772 428 2831 7,
450 2771 491 2831 29,
514 2771 540 2820 5:
552 2773 659 2831 fluenter
672 2771 732 2818 lucu
777 2773 835 2830 plue
853 2771 943 2818 virium
955 2785 1004 2819 erac
1015 2771 1048 2818 ad
1058 2773 1231 2830 resistendum
1251 2771 1296 2833 30,

220 2842 249 2888 ab
267 2842 362 2888 duratio
379 2855 426 2888 cru
443 2855 583 2896 armorum
611 2839 657 2898 30,
688 2839 730 2898 28,
784 2839 824 2898 16,
844 2838 901 2887 311.
921 2852 943 2886 a.
1182 2879 1184 2884 ,

221 2911 244 2960 5.
262 2934 296 2942 -
319 2910 398 2969 bonta,
428 2907 466 2955 als
484 2905 542 2958 Abl.
567 2921 599 2954 zu
618 2905 730 2966 nahmen,
773 2933 775 2938 ·
818 2906 926 2957 14-16,
945 2923 961 2954 a
980 2907 1051 2969 Cap,
1078 2907 1125 2966 21,
1148 2908 1186 2967 13,
1211 2909 1235 2957 ’1.
1261 2935 1295 2944 -

220 2974 279 3024 Tac.
299 2974 326 3024 H.
343 2978 364 3037 1,
387 2977 416 3028 8:
437 2977 502 3024 bellic
514 2978 652 3035 inecpmm
669 2973 731 3022 iiber
783 2990 893 3037 usquam,
911 2972 937 3021 in
955 2973 1042 3036 irgend
1060 2973 1130 3023 einer
1143 2973 1298 3039 Bcziehnng.

219 3047 329 3093 insuetus
353 3057 372 3092 s.
397 3043 444 3105 28,
473 3045 518 3104 18,
550 3044 579 3093 b:
611 3046 731 3092 insuetam
784 3067 816 3078 -
836 3045 924 3102 133311,
947 3042 1048 3091 konutc.
1062 3039 1296 3107 aufrechthalten,

219 3114 325 3159 moribus
339 3115 472 3170 Itomasm'a,¹
498 3109 585 3159 Colum
604 3112 626 3172 6,
647 3113 676 3163 4:
703 3127 731 3160 ea
782 3125 801 3158 s.
821 3112 850 3172 4,
880 3112 925 3170 16,
951 3111 975 3160 8.
993 3137 1027 3150 ν-
1044 3113 1163 3173 inpliciti,
1182 3111 1299 3162 konnten

221 3176 338 3244 (amurca)
361 3195 436 3239 pecua
459 3183 592 3240 tumescas,
618 3178 668 3228 wie
687 3183 729 3228 ad-
781 3178 835 3226 sich
865 3177 935 3226 nicht
961 3184 1075 3227 trennen.
1100 3205 1133 3214 -
1159 3181 1203 3228 aud
1222 3186 1301 3245 pell,

220 3255 300 3296 auctus
320 3248 361 3309 31,
382 3250 422 3308 35,
443 3250 467 3311 3,
489 3248 520 3296 da
532 3247 596 3296 auch
607 3253 679 3296 scnst
693 3245 730 3296 cit
769 3245 852 3295 >nicht
869 3246 895 3294 in
909 3245 1173 3312 Winterquartieren,
1184 3249 1299 3299 scudem

221 3316 264 3364 der
282 3313 340 3368 Abl.
353 3315 399 3364 mit
417 3316 472 3365 dem
490 3316 530 3365 bei
542 3319 650 3366 insuetur
661 3314 730 3364 nicht
781 3320 856 3364 unter
882 3313 986 3376 Zelten,
1014 3317 1078 3364 nach
1102 3317 1157 3364 dem
1175 3315 1298 3381 Ausznge

138 3447 141 3454 Ι
219 3384 443 3448 ungewiihnlichcn
462 3381 578 3446 Genifiv,
597 3401 616 3436 3.
635 3387 666 3446 6,
687 3386 728 3445 34,
780 3397 825 3431 aus
841 3383 885 3432 der
897 3381 980 3445 stadt,
998 3398 1018 3433 c.
1037 3386 1077 3445 19,
1099 3387 1128 3447 1,
1147 3385 1199 3448 vgl.
1212 3383 1296 3450 Marq.

126 3447 132 3456 ”
220 3457 249 3516 6,
281 3452 352 3503 Caes.
380 3451 451 3504 B.·C.
480 3455 507 3514 1,
527 3456 574 3514 44,
598 3451 729 3504 wechselt.
782 3453 813 3512 3,
833 3453 863 3513 2,
882 3453 946 3514 322,
965 3452 1079 3501 43333163
1098 3452 1162 3514 liegt
1180 3452 1297 3508 inomm

219 3521 319 3572 Andcre
338 3522 487 3570 betrachtcn
504 3524 571 3570 bonta
587 3521 625 3570 als
643 3519 729 3582 Datin,
781 3523 862 3569 acatii).
883 3529 982 3581 tenpus.
999 3547 1034 3556 -·
1051 3525 1152 3583 accepit,
1180 3521 1227 3582 21,
1248 3526 1296 3586 48,

219 3591 279 3640 weil
300 3589 327 3638 L.
347 3587 578 3639 beichnsdriicke
599 3588 729 3638 bisdeilcn
782 3590 804 3640 8.
823 3613 857 3622 -
884 3591 1034 3650 defluebant,
1063 3604 1089 3638 es
1113 3587 1192 3640 fehlte
1216 3589 1296 3640 ihnen

220 3659 267 3707 mit
284 3662 318 3708 ad
336 3657 475 3716 verbindct,
495 3673 514 3706 s.
534 3660 558 3719 6,
580 3659 619 3720 18,
641 3660 673 3718 4,
690 3661 728 3705 t'n-
781 3670 812 3704 an
832 3654 954 3720 Euergie,
983 3657 1035 3720 vgl.
1051 3659 1099 3718 22,
1125 3661 1155 3721 2,
1174 3660 1203 3720 6,
1222 3660 1297 3710 steht

218 3739 299 3776 auctus
316 3729 349 3774 acl
365 3728 412 3788 31,
432 3728 478 3786 35,
500 3728 530 3791 6,
549 3727 598 3788 41,
618 3728 659 3787 20,
684 3726 728 3788 11,
780 3723 916 3774 chiastisch
941 3741 972 3774 nu
997 3731 1129 3786 redierunt.
1157 3753 1190 3762 ·-
1213 3731 1291 3778 turm

219 3792 249 3842 Ii.
271 3797 525 3856 113-3333331,
553 3797 601 3854 21,
626 3795 673 3855 39,
698 3794 727 3843 2:
780 3797 861 3857 modo,
880 3792 907 3842 L.
927 3794 1033 3844 braucht
1051 3793 1122 3845 vicll.
1141 3800 1226 3845 zucrst
1245 3797 1321 3847 clas·

220 3861 369 3911 nacheincm
376 3861 727 3924 LebcnvcllEntbchrungen.
780 3860 895 3911 cinlachc
912 3867 980 3913 modo
999 3863 1045 3912 mit
1061 3863 1142 3913 ciuem
1157 3861 1253 3925 Genit,
1273 3881 1295 3914 s.

217 3955 251 3966 —-
270 3935 406 3981 conmetud.
429 3936 486 3993 etc,
505 3947 525 3983 s.
544 3929 603 3982 Tac.
622 3928 682 3993 Agr.
697 3931 727 3981 3:
779 3947 811 3980 zu
827 3932 875 3993 24,
894 3932 935 3995 39,
957 3935 987 3994 6,
1005 3934 1047 3995 21,
1067 3933 1109 3995 41,
1128 3933 1158 3994 9,
1180 3929 1212 3982 K
1232 3933 1292 3984 178.
