2814 4526
198 188 260 255 358
530 185 926 241 uunnxxnrcanaaas.
1144 181 1269 226 cesar.

150 339 286 405 20'onem
312 344 436 404 militum
454 343 573 404 haberet
585 343 717 420 locisque
730 342 776 402 his
791 340 935 420 praesidio
952 348 1036 400 esset.
1073 350 1102 400 ct
1116 341 1149 399 T.
1166 339 1265 400 Otaci-

198 431 255 490 lius
273 430 410 501 Crassus,
433 437 590 508 postquam
612 427 714 488 aedem
728 428 832 488 Mentis
848 427 879 487 in
895 425 1034 504 Capitolio
1051 425 1211 496 dedicavit,
1233 425 1266 484 in

200 515 326 576 Siciliam
344 533 412 575 cum
427 515 562 592 imperio,
583 514 634 592 qui
650 513 733 573 classi
748 519 904 591 praeesset,
921 512 1037 570 misem.

142 603 186 665 33
285 601 319 660 ln
340 600 417 659 hanc
432 599 647 658 dimicationem
669 597 797 658 duorum
820 596 1113 676 opulentissimorum
1134 594 1167 654 in
1180 594 1269 654 terris

170 696 185 745 2
200 686 381 764 populorum
398 702 501 756 omnes
516 702 599 762 reges
607 693 766 762 gentesque
774 680 1092 752 animosintenderant,
1106 680 1183 739 inter
1190 697 1267 756 quos

199 770 351 850 Philippus
368 770 562 830 Macedonum
578 787 631 829 rex
645 787 680 828 eo
697 768 797 846 magis,
813 767 893 845 quod
910 766 1032 844 propior
1047 765 1142 826 ltaliae
1151 783 1184 824 ac
1193 765 1268 824 mari

170 861 185 910 3
199 863 311 915 tantum
326 855 409 915 Ionio
427 854 567 915 discretus
584 861 653 913 erat
684 853 710 913 is
725 851 775 912 ubi
792 853 922 931 primum
938 853 1014 911 lama
1029 850 1138 927 aceepit
1152 850 1270 910 Hanni-

199 940 294 1000 halem
307 940 388 1018 Alpis
411 949 643 1018 transgressum,
663 946 696 998 ut
708 938 784 998 hello
799 937 876 998 inter
890 937 1058 997 Romanum
1070 935 1273 1012 Poenumque

200 1033 265 1086 orto
279 1026 399 1085 laetatus
415 1034 484 1096 erat,
499 1025 546 1095 ita,
561 1023 655 1083 utrius
670 1023 772 1101 populi
788 1022 884 1082 mallet
899 1021 1130 1092 victoriamesse,
1146 1019 1269 1080 incertis

169 1117 186 1168 4
199 1111 295 1172 adhuc
312 1110 423 1170 virilius
441 1109 596 1170 fluctuatus
608 1108 705 1168 animo
718 1112 820 1168 luerat.
842 1106 1086 1185 postquamtertia
1092 1106 1150 1164 iam
1158 1122 1273 1182 pugna,

199 1195 282 1256 tertia
297 1195 416 1256 victoria
432 1212 500 1255 cum
511 1193 619 1253 Poenis
634 1202 703 1264 erat,
719 1193 755 1252 ad
769 1196 919 1253 fortunam
933 1191 1082 1251 inclinavit
1094 1191 1271 1268 legatosque

199 1281 235 1341 ad
252 1279 444 1342 Hannibalem
464 1279 557 1350 misit3
581 1279 632 1358 qui
646 1279 768 1338 vitantes
784 1285 887 1356 portus
901 1276 1113 1336 Brundisinum
1129 1275 1271 1334 'Parenti-

200 1383 342 1443 numque,
358 1365 425 1442 quia
441 1363 580 1424 custodiis
595 1363 712 1423 navium
722 1365 922 1425 Romanarum
937 1361 1119 1432 tenebantur,
1135 1360 1171 1418 ad
1179 1359 1270 1418 Laci-

171 1450 264 1510 5niae
281 1450 405 1510 lunonis
421 1449 564 1528 templum
577 1447 608 1507 in
623 1460 729 1508 terram
747 1447 855 1527 egressi
870 1455 947 1508 suut.
975 1445 1044 1506 inde
1058 1464 1112 1525 per
1128 1444 1271 1522 Apuliam

199 1542 330 1613 petentes
348 1534 475 1612 Capuam
493 1532 588 1594 media
601 1533 633 1592 in
647 1533 789 1612 praesidia
803 1534 936 1594 Romana
950 1531 1031 1591 inlati
1045 1537 1115 1592 sunt
1128 1529 1268 1590 deducti-

200 1637 257 1697 que
275 1619 310 1679 ad
325 1619 471 1680 Valerium
484 1618 647 1680 Laevinum
663 1625 828 1697 praetorem
845 1618 920 1678 circa
932 1616 1084 1678 Luceriam
1101 1624 1194 1674 castra
1212 1615 1270 1674 ha-

169 1715 185 1765 0
199 1704 326 1765 bentem.
347 1704 387 1764 ihi
402 1703 548 1782 intrepide
559 1704 764 1781 Xenophanes,
778 1701 1083 1781 legationispriuceps
1098 1719 1114 1760 a
1127 1699 1270 1778 Philippo

198 1808 266 1869 rege
288 1809 319 1850 se
340 1790 464 1850 missum
487 1787 575 1850 ailad
592 1788 746 1849 amicitiam
761 1788 986 1865 societatemque
1000 1785 1179 1863 iungendam
1196 1803 1272 1844 cum

198 1876 309 1954 populo
323 1877 473 1949 Roman03
496 1873 630 1935 mandata
645 1873 751 1934 habere
766 1872 802 1932 ad
818 1873 954 1933 consules
968 1889 1002 1932 ae
1016 1878 1150 1932 senatum
1165 1887 1274 1948 popu·

196 2059 274 2110 larius
293 2061 367 2110 deckt
384 2058 492 2126 Apulien
512 2058 635 2124 (Luceria,
655 2057 704 2108 Ca·
755 2058 816 2107 dern
834 2057 897 2106 anch
914 2060 1029 2107 diametra
1047 2053 1120 2118 folgt,
1139 2070 1159 2104 s.
1180 2055 1224 2117 22,
1241 2057 1268 2116 4,

197 2129 302 2192 nusium,
320 2128 415 2178 Tarent
431 2146 456 2178 u.
477 2127 511 2192 a.)
530 2129 580 2178 und
597 2128 704 2178 hcdroht
756 2127 786 2186 63
813 2128 842 2187 5,
873 2128 900 2188 1,
928 2127 956 2176 6:
980 2131 1005 2174 ee
1021 2127 1110 2188 mepte,
1137 2127 1205 2186 quod
1223 2141 1273 2173 ex-

197 2197 337 2260 Samnium
363 2197 446 2248 Varro
474 2197 508 2247 ist
531 2197 556 2246 in
573 2196 704 2261 Picenum
755 2199 851 2246 celleret.
865 2221 898 2230 —
913 2197 1010 2243 incertis
1026 2211 1058 2254 r.,
1077 2191 1115 2240 als
1131 2191 1186 2240 sich
1204 2191 1273 2241 iiber
1327 2211 1332 2222 ·

199 2267 238 2316 dic
267 2266 375 2315 anderen
401 2265 620 2329 Bundesgenossen
649 2265 704 2315 sind
755 2263 795 2313 die
819 2263 904 2313 Macht
929 2261 1015 2312 beider
1042 2260 1105 2309 noch
1127 2259 1197 2309 nicht
1222 2276 1270 2309 ur-

197 2335 325 2384 antweder
365 2340 423 2383 trcu
458 2332 601 2397 gebliebm,
645 2335 705 2384 oder
754 2331 849 2383 theilen
873 2330 941 2380 licss.
965 2357 999 2366 -
1020 2333 1153 2394 flectemus
1175 2329 1271 2391 fuerat

196 2402 294 2451 kdnneu
316 2402 379 2450 noch
403 2401 471 2450 nicht
497 2401 592 2451 wieder
617 2407 704 2450 uutcr-
756 2401 819 2451 nach
836 2404 915 2450 metat.
932 2409 992 2460 erat,
1009 2414 1029 2448 s.
1048 2400 1089 2460 30,
1109 2399 1150 2460 38,
1168 2399 1193 2458 0,
1212 2397 1271 2460 vgl.

196 2467 293 2518 worsen
312 2469 421 2531 werden,
440 2469 490 2519 wic
511 2469 550 2519 die
568 2468 703 2532 Samnites,
756 2471 803 2531 32,
829 2471 874 2531 13,
899 2471 930 2532 4,
954 2482 1002 2517 vor
1020 2465 1048 2516 L.
1066 2465 1101 2514 ist
1120 2465 1159 2514 die
1181 2465 1270 2516 active

195 2536 316 2600 Brutticr,
335 2537 455 2587 Lucaner.
469 2565 502 2574 -
515 2541 606 2600 Olaril,
625 2537 703 2588 nebeu
754 2536 830 2587 Form
847 2535 1011 2601 gcwdhuliclr.
1024 2563 1057 2570 —
1069 2537 1148 2584 adduc
1161 2557 1196 2576 =
1211 2549 1271 2584 cum

196 2606 257 2673 App.
276 2605 403 2668 Claudius,
429 2622 449 2656 c,
476 2609 517 2670 30,
541 2608 579 2659 18.
599 2633 633 2642 —
651 2623 704 2656 eum
756 2611 838 2656 assent
860 2619 937 2671 usquc
965 2606 997 2654 ad
1016 2604 1043 2652 id
1060 2609 1171 2668 tempus,
1198 2606 1258 2655 sd

195 2679 263 2738 imp,
289 2690 316 2725 cr
341 2674 375 2724 ist
392 2675 426 2724 im
446 2675 468 2724 J.
484 2678 534 2728 216
553 2674 705 2740 Propraetor
756 2677 802 2737 33,
832 2676 857 2726 2.
884 2701 919 2709 -
945 2690 998 2724 ema
1024 2674 1110 2722 Poeria
1135 2689 1168 2722 er.
1195 2643 1271 2737 pass5

196 2759 320 2807 genesen,
342 2747 383 2808 22,
405 2746 446 2807 50,
464 2748 488 2806 5,
506 2745 556 2794 und
564 2743 703 2807 wirdjetzt
756 2742 892 2807 eigcntlicli
909 2758 956 2791 nur
970 2758 1001 2791 zu
1013 2744 1121 2802 or'etore'a,
1139 2756 1170 2789 zu
1179 2757 1271 2804 puppe

196 2813 246 2862 wol
260 2812 298 2862 als
308 2812 500 2864 Stellvertrcter
509 2813 576 2864 eines
586 2812 704 2864 Praetors
755 2811 790 2861 ist
808 2811 849 2861 ein
865 2811 970 2860 anderes
983 2809 1102 2859 Prddicet
1116 2824 1147 2858 zu
1159 2808 1270 2872 draken,

195 2882 332 2946 geschickt,
353 2899 373 2933 s.
392 2898 412 2932 c.
431 2885 472 2944 34,
494 2885 533 2934 14.
755 2886 825 2930 sonst
837 2877 1081 2929 wiirdcesheissen:
1102 2880 1172 2928 terrm
1179 2894 1272 2942 perena

230 2946 364 3013 33-34,
398 2954 421 3003 9.
440 2950 561 3001 Biindniss
579 2949 703 3000 zwischen
754 2955 870 3012 ureret,
892 2965 911 2998 s.
930 2945 962 2997 lt.
979 2948 1037 2999 289.
1055 2971 1090 2982 -
1110 2950 1143 2996 ad
1152 2947 1269 3009 fertur,

195 3017 319 3068 Hannibal
334 3019 383 3068 und
397 3020 452 3069 dem
464 3017 561 3082 Rdnige
576 3017 703 3084 Philippus
756 3017 839 3080 dadin,
857 3016 942 3066 wohin
954 3017 998 3066 das
1009 3014 1091 3065 Gliick
1103 3015 1156 3064 sich
1172 3014 1273 3078 neigte.

195 3102 245 3136 von
263 3085 431 3137 Macedonica.
476 3085 565 3154 Polyb.
584 3090 613 3150 5,
643 3089 704 3149 105,
755 3113 789 3122 -
802 3095 866 3146 porr.
892 3088 988 3136 Brund,
1008 3089 1097 3147 T.„c.
1115 3086 1163 3146 29,
1189 3086 1212 3134 4.
1234 3111 1274 3120 -

197 3158 220 3217 t,
242 3156 273 3218 9,
291 3154 351 3204 Ζοιι.
370 3157 394 3218 9,
413 3160 436 3209 4.
755 3157 840 3206 Laese
857 3157 924 3216 Iure,
943 3157 985 3216 24,
1004 3155 1028 3216 3,
1047 3155 1070 3204 3.

233 3225 306 3275 1—4.
324 3241 389 3288 repes
405 3243 438 3289 p,
466 3225 508 3286 21,
525 3226 566 3286 43,
588 3225 632 3284 11,
650 3223 702 3287 vgl.
791 3225 864 3276 5-8.
885 3227 948 3286 inde,
967 3222 1070 3285 venda,
1084 3221 1148 3269 daun
1163 3217 1271 3284 welter,

195 3290 703 3364 Ρο1.5,105,5εούγάρέτιῷίλιππος
755 3292 844 3342 cucuso
871 3288 929 3356 §3
956 3318 989 3326 —
1014 3293 1153 3350 Luceriam,
1179 3304 1201 3338 s.
1222 3291 1272 3353 22,

195 3357 254 3412 aad
277 3363 305 3412 οἱ
320 3363 376 3414 τῶν
386 3355 524 3424 Ἑλλήνων
532 3361 703 3432 προεστῶτες
726 3369 730 3375 “
753 3364 777 3426 9,
789 3364 812 3423 5,
832 3360 871 3410 die
886 3359 941 3412 Hss.
960 3359 1042 3410 haben
1060 3360 1196 3408 numm
1213 3359 1273 3407 und

194 3421 701 3500 ἄρχοντες-πολέμους-ἒποιοῦντο,
753 3429 795 3479 bei
824 3429 916 3492 griech.
950 3426 1150 3477 Schridtstellcrn
1181 3424 1271 3476 heisst

194 3494 251 3550 ἀλλ’
264 3491 318 3563 ἤδη
327 3495 431 3556 πάντες
442 3495 514 3570 πρὸς
527 3495 628 3556 eodelr
636 3493 701 3549 'Irc-
753 3498 792 3548 die
810 3496 884 3547 Stadt
902 3497 967 3546 anch
986 3499 1101 3557 Neaerae,
1119 3510 1138 3544 s.
1157 3495 1200 3556 21,
1223 3497 1270 3558 10,

195 3569 241 3633 λίᾳ
264 3564 387 3626 σκοποὺς
404 3562 570 3631 ἀπέβλεπον.
589 3594 623 3602 -
639 3571 701 3618 ieter
754 3571 782 3629 73
803 3566 866 3615 doeh
879 3566 913 3616 ist
927 3565 968 3615 bei
983 3565 1020 3627 L,
1033 3565 1078 3614 der
1089 3561 1200 3612 diaselbc
1213 3577 1270 3612 von

193 3651 232 3698 4.,
260 3638 308 3699 23,
335 3639 363 3699 1,
388 3638 413 3689 9.
432 3663 466 3671 -
483 3637 561 3697 Part,
589 3637 636 3697 22,
656 3637 701 3696 333
753 3636 800 3684 dau
817 3635 871 3684 drci
891 3633 970 3684 0rten
989 3633 1069 3683 dieses
1088 3630 1196 3682 Namens
1213 3647 1270 3680 un-

194 3701 333 3768 Hertzherg
361 3703 450 3754 Gescb,
469 3702 569 3754 Griech.
596 3706 618 3766 1,
644 3701 701 3755 281.
752 3702 912 3768 terscheidet,
923 3701 1073 3754 schwerlich
1084 3715 1112 3750 so
1124 3716 1155 3750 zu
1163 3700 1269 3748 schrei-

192 3797 227 3806 -
250 3776 316 3836 quod
339 3773 438 3823 scheint
455 3772 606 3836 gebraucht,
632 3770 703 3820 nicht
752 3772 806 3821 ben.
826 3799 859 3808 —
876 3777 1001 3834 intrepide,
1021 3773 1071 3834 25,
1085 3771 1126 3834 31,
1147 3769 1191 3820 15:
1211 3776 1270 3818 tre-

192 3855 250 3906 quo‚
268 3840 328 3891 weil
344 3841 414 3892 nicht
431 3840 509 3891 allein
520 3843 625 3904 propior
642 3855 701 3890 son·
746 3845 806 3904 pide
811 3861 821 3904 ,
833 3842 874 3906 30,
890 3843 929 3904 15,
944 3844 971 3894 8:
987 3841 1113 3902 inparium
1131 3837 1270 3902 24‚12,3;
